1702 2774
176 175 212 225 44
391 170 498 208 curvi:
520 171 568 208 111.

177 286 220 315 rum
228 271 319 314 librorum
328 277 402 312 autores
415 272 482 325 partim
495 269 595 325 prophetae
608 271 674 323 purtim
687 269 773 326 apostoli,

178 336 266 375 diuinitus
278 334 387 384 illuminati,
401 342 429 374 vet
441 335 472 375 alii
485 334 558 384 quidam
571 333 608 372 viri
622 331 772 385 extraordinariis

177 399 217 439 Dei
230 397 307 438 dotibus
321 395 400 451 praediti
415 398 500 449 fuerunt3
525 395 613 447 quonium
629 395 708 448 denique
724 398 774 441 haud

177 474 236 513 pauca
244 460 263 500 in
270 460 300 500 bis
309 461 362 501 libris
372 466 472 501 occurrunt
485 458 581 510 vaticinia,
598 458 664 509 quibus
678 460 774 512 respondit

177 531 255 562 euentus
264 531 283 562 et
292 537 338 574 quae
348 537 385 564 non
395 523 427 564 uisi
435 537 445 563 a
452 523 497 564 Deo
502 521 591 575 proficisci
599 528 710 578 potuerunt:
726 522 774 561 Scri-

177 593 251 637 pturam
260 588 329 626 sacram
339 586 416 625 dicimus
426 586 521 624 continere
531 580 623 627 ditonum
633 579 657 626 ese
670 597 718 625 uera
728 582 775 626 reli-

175 639 237 706 gione
246 646 386 691 remotorum
394 653 413 685 et
421 646 447 685 illi
456 646 475 685 in
484 645 541 687 rebus·
552 647 574 685 ad
584 659 648 686 verum
662 646 775 700 religionem

178 709 302 762 spcstantibus
311 708 427 749 autoritatem
440 708 542 753 maiorem,
562 719 618 758 quam
631 709 718 750 omnibus
730 709 774 751 scri·

177 772 319 824 molummis,
335 770 442 812 tribuimus.

423 872 444 929 u
477 872 527 915 rix.

227 956 289 994 >Deus
298 954 371 1005 quidem
380 951 496 993 voluntatem
506 955 556 992 suam
567 953 655 993 omnibus
666 949 784 995 hominibus'

178 1029 212 1069 per
221 1018 283 1056 lumen
291 1016 367 1056 rationis
376 1014 475 1064 reueletur,
490 1015 508 1054 id
519 1015 569 1064 quod
576 1015 613 1067 ipse
623 1017 688 1054 Paulus
697 1016 776 1057 affirmat

134 1109 136 1113 -
177 1078 234 1121 Rom
246 1079 260 1128 l,
279 1092 312 1132 19.
322 1093 358 1128 ρος
372 1078 403 1117 sed
413 1090 456 1117 cum
465 1076 495 1116 hie
505 1077 528 1116 ue
537 1072 608 1118 diuina
617 1077 712 1127 loquimur
721 1091 776 1120 trene-

177 1136 263 1188 lurtum,
277 1140 397 1194 intelligimus
407 1142 460 1191 plane
468 1138 632 1178 extraordinariam
642 1134 776 1191 srue'superna-

178 1206 257 1242 ttlraiem
272 1203 339 1242 summi
350 1202 439 1241 Numinis
453 1201 597 1241 declarationem
613 1201 635 1241 de
649 1200 740 1254 religione
754 1202 776 1242 au

180 1262 299 1303 voluntatem
317 1266 367 1302 suam
382 1263 498 1308 instituenda,
529 1262 626 1302 Eiusmodi
642 1263 776 1304 reuelarionem

178 1324 215 1363 ium
224 1324 348 1375 antiquissimis
357 1324 483 1376 temporibus,
498 1324 564 1363 deiude
577 1337 610 1375 per
619 1324 687 1364 Mosen
700 1333 718 1363 et
730 1325 776 1365 alios
807 1329 809 1331 ’

178 1387 292 1438 prophetas,
308 1386 387 1437 denique
397 1399 429 1439 per
440 1385 533 1426 Christum
548 1393 567 1425 et
581 1386 682 1437 Apostolos
696 1385 777 1427 homini.

178 1447 214 1486 bus
226 1449 333 1501 contigisse,
355 1449 442 1488 testantur
456 1447 555 1500 scriptores
568 1448 614 1486 sacri
627 1448 689 1491 Hebr.
702 1449 718 1496 l,
733 1463 748 1493 1.
758 1464 776 1491 2.

179 1510 233 1554 cous.
242 1510 298 1550 etiam
310 1511 371 1551 Lucae
381 1509 406 1564 X,
422 1522 448 1551 21.
465 1508 507 1553 lob.
516 1508 579 1556 XVlt,
594 1511 613 1550 6.
628 1511 719 1561 rCor.lI,
735 1526 764 1555 ιο,

435 1607 452 1668 n.
483 1608 525 1652 nr.

242 1690 274 1730 De
284 1689 397 1730 reuelatione
408 1689 469 1729 diuina
477 1689 495 1729 iu
505 1703 572 1744 genere
581 1689 626 1730 haec
639 1698 738 1735 notenturt
753 1693 777 1748 t)

180 1765 201 1792 ea
210 1747 251 1792 nouv
258 1752 318 1804 potest
327 1765 364 1791 non
370 1752 480 1804 religionem
490 1755 590 1792 naturalem
598 1755 719 1807 confirmare3
731 1756 778 1805 quo·

179 1815 230 1854 nium
240 1814 290 1853 cuim
300 1816 352 1853 sanae
362 1812 438 1853 rationis
447 1812 505 1853 effutis
515 1814 581 1867 religio
591 1816 655 1855 nititur
664 1818 750 1856 naturalis
759 1824 778 1857 et

179 1878 222 1917 ideo
231 1877 258 1915 est
271 1889 314 1916 vera
327 1877 355 1932 (ᾗ.
363 1875 430 1929 xiil>
444 1883 466 1915 vt
477 1876 509 1927 iusi
521 1878 641 1917 consentanea
655 1879 675 1917 fit
687 1879 778 1918 reuelalio

181 1951 257 1988 eumque
271 1938 381 1983 confirmet,
396 1936 467 1975 neccsse
480 1937 511 1978 est.
541 1939 591 1979 Nam
604 1939 691 1989 quicquid
705 1953 738 1991 per
749 1954 783 1989 reg

181 1998 229 2039 bium
240 2000 332 2039 rationem
343 1998 474 2051 cognoscimus
487 2011 544 2049 aeque
557 2014 567 2040 a
581 2002 627 2041 Deo
640 2000 677 2048 est,
694 2014 714 2040 uc
727 2003 778 2052 quod

180 2061 236 2101 uobis
249 2061 334 2114 singulari
347 2060 407 2100 modo
417 2061 506 2101 reuelauit
519 2061 547 2118 (ᾗ.
558 2062 629 2116 LIX.);
649 2063 702 2102 Deos
716 2062 779 2104 autem

180 2124 214 2164 fibi
221 2123 259 2175 ipse
267 2117 369 2176 repugnare
380 2121 450 2171 nequit.
481 2122 526 2161 loeo
536 2125 591 2164 etium
600 2124 619 2163 in
632 2124 669 2177 ipsu
681 2125 780 2165 reuelatio-

181 2198 205 2224 ne
214 2184 260 2224 nihil
268 2184 301 2224 sibi
311 2186 392 2225 inuicem
407 2183 521 2224 contrarium
537 2199 636 2227 occurrere
647 2186 698 2239 posse
710 2187 778 2227 merito

180 2247 291 2289 iudicamus.
323 2245 350 2303 2)
364 2246 430 2292 Debet
443 2258 464 2286 ea
477 2245 572 2299 religionis
586 2248 672 2289 naturalis
685 2246 779 2289 defettum

180 2310 212 2367 (ᾗ.
223 2309 275 2363 th.)
284 2310 379 2364 supplere5
393 2309 405 2349 fi
416 2308 467 2350 enim
476 2306 522 2349 nihil
533 2310 611 2365 amplios
620 2311 724 2352 contineret
733 2310 780 2350 diui-

757 2385 781 2412 na
