<?xml version="1.0" encoding="UTF-8"?>
<!DOCTYPE html PUBLIC "-//W3C//DTD XHTML 1.0 Transitional//EN"
    "http://www.w3.org/TR/xhtml1/DTD/xhtml1-transitional.dtd">
<html xmlns="http://www.w3.org/1999/xhtml" xml:lang="en" lang="en">
 <head>
  <title>
</title>
<meta http-equiv="Content-Type" content="text/html;charset=utf-8" />
  <meta name='ocr-system' content='tesseract 3.04.00' />
  <meta name='ocr-capabilities' content='ocr_page ocr_carea ocr_par ocr_line ocrx_word'/>
</head>
<body>
  <div class='ocr_page' id='page_1' title='image "MN40378ucmf_1_0141.png"; bbox 0 0 1702 2774; ppageno 0'>
   <div class='ocr_carea' id='block_1_1' title="bbox 115 131 654 182">
    <p class='ocr_par' dir='ltr' id='par_1_1' title="bbox 115 131 654 182">
     <span class='ocr_line' id='line_1_1' title="bbox 115 131 654 182; baseline -0.006 -11"><span class='ocrx_word' id='word_1_1' title='bbox 115 136 153 171; x_wconf 82' lang='lat' dir='ltr'>ou</span> <span class='ocrx_word' id='word_1_2' title='bbox 172 131 352 171; x_wconf 76' lang='lat' dir='ltr'>naatotouu</span> <span class='ocrx_word' id='word_1_3' title='bbox 373 131 592 170; x_wconf 71' lang='lat' dir='ltr'>cunis&#39;rtnun.</span> <span class='ocrx_word' id='word_1_4' title='bbox 620 134 654 182; x_wconf 88' lang='lat'>99</span> 
     </span>
    </p>
   </div>
   <div class='ocr_carea' id='block_1_2' title="bbox 17 226 678 2360">
    <p class='ocr_par' dir='ltr' id='par_1_2' title="bbox 17 226 659 1324">
     <span class='ocr_line' id='line_1_2' title="bbox 56 226 659 283; baseline -0.007 -9"><span class='ocrx_word' id='word_1_5' title='bbox 56 233 125 273; x_wconf 84' lang='lat' dir='ltr'>Catulo</span> <span class='ocrx_word' id='word_1_6' title='bbox 138 232 168 269; x_wconf 88' lang='lat' dir='ltr'>M.</span> <span class='ocrx_word' id='word_1_7' title='bbox 183 229 279 275; x_wconf 79' lang='lat' dir='ltr'>institutis,</span> <span class='ocrx_word' id='word_1_8' title='bbox 304 226 335 273; x_wconf 80' lang='lat' dir='ltr'>oni</span> <span class='ocrx_word' id='word_1_9' title='bbox 347 228 480 282; x_wconf 81' lang='lat' dir='ltr'>philosophiam</span> <span class='ocrx_word' id='word_1_10' title='bbox 496 227 539 270; x_wconf 86' lang='lat' dir='ltr'>cuni</span> <span class='ocrx_word' id='word_1_11' title='bbox 555 228 659 283; x_wconf 79' lang='lat' dir='ltr'>theologia-</span> 
     </span>
     <span class='ocr_line' id='line_1_3' title="bbox 55 289 649 344; baseline -0.007 -9"><span class='ocrx_word' id='word_1_12' title='bbox 55 297 194 344; x_wconf 85' lang='lat' dir='ltr'>coui-uugerent.</span> <span class='ocrx_word' id='word_1_13' title='bbox 229 289 357 342; x_wconf 70' lang='lat' dir='ltr'>Philosophia,</span> <span class='ocrx_word' id='word_1_14' title='bbox 373 302 427 339; x_wconf 86' lang='lat' dir='ltr'>qnam</span> <span class='ocrx_word' id='word_1_15' title='bbox 442 293 546 343; x_wconf 78' lang='lat' dir='ltr'><strong>probabant</strong></span> <span class='ocrx_word' id='word_1_16' title='bbox 557 300 577 332; x_wconf 88' lang='lat' dir='ltr'>et</span> <span class='ocrx_word' id='word_1_17' title='bbox 590 292 649 343; x_wconf 83' lang='lat' dir='ltr'>expli·</span> 
     </span>
     <span class='ocr_line' id='line_1_4' title="bbox 53 352 648 407; baseline 0.002 -15"><span class='ocrx_word' id='word_1_18' title='bbox 53 356 130 401; x_wconf 75' lang='lat' dir='ltr'>cabant,</span> <span class='ocrx_word' id='word_1_19' title='bbox 155 359 193 392; x_wconf 81' lang='lat' dir='ltr'>erat</span> <span class='ocrx_word' id='word_1_20' title='bbox 206 352 335 404; x_wconf 83' lang='lat' dir='ltr'>peripatetica,</span> <span class='ocrx_word' id='word_1_21' title='bbox 357 363 395 390; x_wconf 92' lang='lat' dir='ltr'>non</span> <span class='ocrx_word' id='word_1_22' title='bbox 407 364 454 390; x_wconf 85' lang='lat' dir='ltr'>vero</span> <span class='ocrx_word' id='word_1_23' title='bbox 469 367 491 393; x_wconf 84' lang='lat' dir='ltr'>ex</span> <span class='ocrx_word' id='word_1_24' title='bbox 504 354 584 407; x_wconf 80' lang='lat' dir='ltr'>graecis,</span> <span class='ocrx_word' id='word_1_25' title='bbox 601 366 648 405; x_wconf 81' lang='lat' dir='ltr'>quae</span> 
     </span>
     <span class='ocr_line' id='line_1_5' title="bbox 51 412 648 469; baseline 0.005 -14"><span class='ocrx_word' id='word_1_26' title='bbox 51 415 160 455; x_wconf 81' lang='lat' dir='ltr'>Aristoteles</span> <span class='ocrx_word' id='word_1_27' title='bbox 169 415 255 464; x_wconf 68' lang='lat' dir='ltr'>reliquit,</span> <span class='ocrx_word' id='word_1_28' title='bbox 269 413 351 463; x_wconf 73' lang='lat' dir='ltr'>scriptia,</span> <span class='ocrx_word' id='word_1_29' title='bbox 367 412 398 450; x_wconf 88' lang='lat' dir='ltr'>sed</span> <span class='ocrx_word' id='word_1_30' title='bbox 407 424 431 450; x_wconf 82' lang='lat' dir='ltr'>ex</span> <span class='ocrx_word' id='word_1_31' title='bbox 440 414 521 454; x_wconf 79' lang='lat' dir='ltr'>versione</span> <span class='ocrx_word' id='word_1_32' title='bbox 534 417 589 457; x_wconf 87' lang='lat' dir='ltr'>latina</span> <span class='ocrx_word' id='word_1_33' title='bbox 601 429 648 469; x_wconf 81' lang='lat' dir='ltr'>opt-</span> 
     </span>
     <span class='ocr_line' id='line_1_6' title="bbox 17 473 648 525; baseline 0.006 -10"><span class='ocrx_word' id='word_1_34' title='bbox 17 487 19 489; x_wconf 72' lang='grc'><strong><em>’</em></strong></span> <span class='ocrx_word' id='word_1_35' title='bbox 53 489 95 516; x_wconf 87' lang='lat' dir='ltr'>rum</span> <span class='ocrx_word' id='word_1_36' title='bbox 109 475 160 525; x_wconf 83' lang='lat' dir='ltr'>eius,</span> <span class='ocrx_word' id='word_1_37' title='bbox 183 488 229 525; x_wconf 88' lang='lat' dir='ltr'>quae</span> <span class='ocrx_word' id='word_1_38' title='bbox 244 483 288 512; x_wconf 84' lang='lat' dir='ltr'>tuno</span> <span class='ocrx_word' id='word_1_39' title='bbox 300 473 414 517; x_wconf 86' lang='lat' dir='ltr'>habebatur,</span> <span class='ocrx_word' id='word_1_40' title='bbox 432 475 496 515; x_wconf 81' lang='lat' dir='ltr'>sumta.</span> <span class='ocrx_word' id='word_1_41' title='bbox 531 477 586 517; x_wconf 84' lang='lat' dir='ltr'>Erant</span> <span class='ocrx_word' id='word_1_42' title='bbox 597 478 648 519; x_wconf 82' lang='lat' dir='ltr'>inter</span> 
     </span>
     <span class='ocr_line' id='line_1_7' title="bbox 54 533 646 591; baseline 0.003 -13"><span class='ocrx_word' id='word_1_43' title='bbox 54 551 86 578; x_wconf 79' lang='lat' dir='ltr'>eos</span> <span class='ocrx_word' id='word_1_44' title='bbox 100 537 136 576; x_wconf 78' lang='lat' dir='ltr'>viri</span> <span class='ocrx_word' id='word_1_45' title='bbox 147 536 221 587; x_wconf 86' lang='lat' dir='ltr'>qnidam</span> <span class='ocrx_word' id='word_1_46' title='bbox 234 535 286 573; x_wconf 56' lang='lat' dir='ltr'>*acuti</span> <span class='ocrx_word' id='word_1_47' title='bbox 301 533 371 586; x_wconf 79' lang='lat' dir='ltr'>ingenii</span> <span class='ocrx_word' id='word_1_48' title='bbox 387 543 405 573; x_wconf 90' lang='lat' dir='ltr'>et</span> <span class='ocrx_word' id='word_1_49' title='bbox 418 535 501 575; x_wconf 80' lang='lat' dir='ltr'>veritatis</span> <span class='ocrx_word' id='word_1_50' title='bbox 515 535 598 585; x_wconf 78' lang='lat' dir='ltr'>studiosi,</span> <span class='ocrx_word' id='word_1_51' title='bbox 614 541 646 591; x_wconf 90' lang='lat' dir='ltr'>qui</span> 
     </span>
     <span class='ocr_line' id='line_1_8' title="bbox 49 595 646 651; baseline 0.012 -17"><span class='ocrx_word' id='word_1_52' title='bbox 49 596 140 651; x_wconf 74' lang='lat' dir='ltr'>vulgares</span> <span class='ocrx_word' id='word_1_53' title='bbox 158 598 258 635; x_wconf 84' lang='lat' dir='ltr'>nonnullos</span> <span class='ocrx_word' id='word_1_54' title='bbox 274 596 293 635; x_wconf 87' lang='lat' dir='ltr'>in</span> <span class='ocrx_word' id='word_1_55' title='bbox 315 595 408 648; x_wconf 74' lang='lat' dir='ltr'>theologia</span> <span class='ocrx_word' id='word_1_56' title='bbox 426 609 498 637; x_wconf 84' lang='lat' dir='ltr'>errores</span> <span class='ocrx_word' id='word_1_57' title='bbox 513 597 646 641; x_wconf 87' lang='lat' dir='ltr'>animaduerte-</span> 
     </span>
     <span class='ocr_line' id='line_1_9' title="bbox 50 656 646 710; baseline 0.003 -10"><span class='ocrx_word' id='word_1_58' title='bbox 50 668 93 700; x_wconf 85' lang='lat' dir='ltr'>rent</span> <span class='ocrx_word' id='word_1_59' title='bbox 102 656 313 710; x_wconf 80' lang='lat' dir='ltr'>etimpugnarent,inter</span> <span class='ocrx_word' id='word_1_60' title='bbox 320 671 366 708; x_wconf 85' lang='lat' dir='ltr'>qnos</span> <span class='ocrx_word' id='word_1_61' title='bbox 375 659 452 698; x_wconf 91' lang='lat' dir='ltr'>eminuit</span> <span class='ocrx_word' id='word_1_62' title='bbox 460 672 558 700; x_wconf 67' lang='lat' dir='ltr'>naeuus</span> <span class='ocrx_word' id='word_1_63' title='bbox 574 674 646 702; x_wconf 72' lang='lat' dir='ltr'>uena·</span> 
     </span>
     <span class='ocr_line' id='line_1_10' title="bbox 49 720 645 770; baseline 0.007 -9"><span class='ocrx_word' id='word_1_64' title='bbox 49 735 63 761; x_wconf 76' lang='grc' dir='ltr'><strong>ι</strong></span> <span class='ocrx_word' id='word_1_65' title='bbox 72 733 162 768; x_wconf 73' lang='lat' dir='ltr'>unone,</span> <span class='ocrx_word' id='word_1_66' title='bbox 178 720 209 770; x_wconf 88' lang='lat' dir='ltr'>qui</span> <span class='ocrx_word' id='word_1_67' title='bbox 218 729 288 768; x_wconf 83' lang='lat' dir='ltr'>tamen,</span> <span class='ocrx_word' id='word_1_68' title='bbox 303 732 345 758; x_wconf 83' lang='lat' dir='ltr'>eum</span> <span class='ocrx_word' id='word_1_69' title='bbox 354 720 430 760; x_wconf 73' lang='lat' dir='ltr'>liberius</span> <span class='ocrx_word' id='word_1_70' title='bbox 440 721 491 761; x_wconf 84' lang='lat' dir='ltr'>suam</span> <span class='ocrx_word' id='word_1_71' title='bbox 504 722 527 759; x_wconf 87' lang='lat' dir='ltr'>de</span> <span class='ocrx_word' id='word_1_72' title='bbox 539 722 596 763; x_wconf 87' lang='lat' dir='ltr'>rebus</span> <span class='ocrx_word' id='word_1_73' title='bbox 611 722 645 764; x_wconf 86' lang='lat' dir='ltr'>ali·</span> 
     </span>
     <span class='ocr_line' id='line_1_11' title="bbox 50 781 645 834; baseline 0.005 -12"><span class='ocrx_word' id='word_1_74' title='bbox 50 790 97 833; x_wconf 84' lang='lat' dir='ltr'>quot</span> <span class='ocrx_word' id='word_1_75' title='bbox 105 781 218 834; x_wconf 80' lang='lat' dir='ltr'>theologicis</span> <span class='ocrx_word' id='word_1_76' title='bbox 226 781 297 821; x_wconf 78' lang='lat' dir='ltr'>dixisset</span> <span class='ocrx_word' id='word_1_77' title='bbox 305 781 420 828; x_wconf 82' lang='lat' dir='ltr'>sententiam,</span> <span class='ocrx_word' id='word_1_78' title='bbox 434 781 530 823; x_wconf 87' lang='lat' dir='ltr'>haereseos</span> <span class='ocrx_word' id='word_1_79' title='bbox 539 791 602 824; x_wconf 88' lang='lat' dir='ltr'>notam</span> <span class='ocrx_word' id='word_1_80' title='bbox 610 786 645 826; x_wconf 73' lang='lat' dir='ltr'>vii&lt;</span> 
     </span>
     <span class='ocr_line' id='line_1_12' title="bbox 49 839 646 896; baseline 0.005 -13"><span class='ocrx_word' id='word_1_81' title='bbox 49 843 121 896; x_wconf 83' lang='lat' dir='ltr'>effugit.</span> <span class='ocrx_word' id='word_1_82' title='bbox 153 843 239 882; x_wconf 78' lang='lat' dir='ltr'>Maxima</span> <span class='ocrx_word' id='word_1_83' title='bbox 248 855 295 881; x_wconf 82' lang='lat' dir='ltr'>uero</span> <span class='ocrx_word' id='word_1_84' title='bbox 304 855 371 882; x_wconf 86' lang='lat' dir='ltr'>eorum</span> <span class='ocrx_word' id='word_1_85' title='bbox 385 857 426 895; x_wconf 85' lang='lat' dir='ltr'>pars</span> <span class='ocrx_word' id='word_1_86' title='bbox 439 843 573 895; x_wconf 80' lang='lat' dir='ltr'>philosophiam</span> <span class='ocrx_word' id='word_1_87' title='bbox 583 839 646 887; x_wconf 86' lang='lat' dir='ltr'>voluit</span> 
     </span>
     <span class='ocr_line' id='line_1_13' title="bbox 49 904 645 958; baseline 0.007 -14"><span class='ocrx_word' id='word_1_88' title='bbox 49 904 85 944; x_wconf 85' lang='lat' dir='ltr'>esse</span> <span class='ocrx_word' id='word_1_89' title='bbox 94 904 200 957; x_wconf 81' lang='lat' dir='ltr'>theologiae</span> <span class='ocrx_word' id='word_1_90' title='bbox 210 905 293 944; x_wconf 79' lang='lat' dir='ltr'>ancillam</span> <span class='ocrx_word' id='word_1_91' title='bbox 308 912 326 943; x_wconf 85' lang='lat' dir='ltr'>et</span> <span class='ocrx_word' id='word_1_92' title='bbox 335 905 357 943; x_wconf 88' lang='lat' dir='ltr'>ad</span> <span class='ocrx_word' id='word_1_93' title='bbox 366 905 451 958; x_wconf 83' lang='lat' dir='ltr'>dogmata</span> <span class='ocrx_word' id='word_1_94' title='bbox 461 911 505 944; x_wconf 84' lang='lat' dir='ltr'>tuno</span> <span class='ocrx_word' id='word_1_95' title='bbox 512 915 586 958; x_wconf 84' lang='lat' dir='ltr'>recepta</span> <span class='ocrx_word' id='word_1_96' title='bbox 594 908 645 948; x_wconf 83' lang='lat' dir='ltr'>suam</span> 
     </span>
     <span class='ocr_line' id='line_1_14' title="bbox 48 964 644 1021; baseline 0.005 -15"><span class='ocrx_word' id='word_1_97' title='bbox 48 966 199 1006; x_wconf 78' lang='lat' dir='ltr'>accommodauit</span> <span class='ocrx_word' id='word_1_98' title='bbox 209 968 312 1011; x_wconf 87' lang='lat' dir='ltr'>rationem,</span> <span class='ocrx_word' id='word_1_99' title='bbox 333 979 355 1004; x_wconf 89' lang='lat' dir='ltr'>ea</span> <span class='ocrx_word' id='word_1_100' title='bbox 367 979 424 1016; x_wconf 78' lang='lat' dir='ltr'>vero,</span> <span class='ocrx_word' id='word_1_101' title='bbox 444 979 489 1017; x_wconf 86' lang='lat' dir='ltr'>quae</span> <span class='ocrx_word' id='word_1_102' title='bbox 502 964 530 1006; x_wconf 89' lang='lat' dir='ltr'>illi</span> <span class='ocrx_word' id='word_1_103' title='bbox 540 981 644 1021; x_wconf 84' lang='lat' dir='ltr'>repugnate</span> 
     </span>
     <span class='ocr_line' id='line_1_15' title="bbox 49 1027 643 1080; baseline -0.003 -13"><span class='ocrx_word' id='word_1_104' title='bbox 49 1029 171 1076; x_wconf 85' lang='lat' dir='ltr'>videbantur,</span> <span class='ocrx_word' id='word_1_105' title='bbox 188 1027 277 1080; x_wconf 81' lang='lat' dir='ltr'>mysteriis</span> <span class='ocrx_word' id='word_1_106' title='bbox 290 1027 423 1067; x_wconf 81' lang='lat' dir='ltr'>adnumerauit.</span> <span class='ocrx_word' id='word_1_107' title='bbox 456 1028 509 1067; x_wconf 81' lang='lat' dir='ltr'>lltlale</span> <span class='ocrx_word' id='word_1_108' title='bbox 522 1041 597 1079; x_wconf 87' lang='lat' dir='ltr'>quoque</span> <span class='ocrx_word' id='word_1_109' title='bbox 610 1043 643 1070; x_wconf 84' lang='lat' dir='ltr'>au.</span> 
     </span>
     <span class='ocr_line' id='line_1_16' title="bbox 49 1087 643 1141; baseline 0.003 -13"><span class='ocrx_word' id='word_1_110' title='bbox 49 1089 102 1128; x_wconf 90' lang='lat' dir='ltr'>diunt</span> <span class='ocrx_word' id='word_1_111' title='bbox 110 1088 211 1127; x_wconf 81' lang='lat' dir='ltr'>scholastici</span> <span class='ocrx_word' id='word_1_112' title='bbox 217 1089 242 1127; x_wconf 90' lang='lat' dir='ltr'>ob</span> <span class='ocrx_word' id='word_1_113' title='bbox 251 1089 356 1141; x_wconf 80' lang='lat' dir='ltr'>innumeras</span> <span class='ocrx_word' id='word_1_114' title='bbox 365 1087 499 1134; x_wconf 66' lang='lat' dir='ltr'>diffinitiones,</span> <span class='ocrx_word' id='word_1_115' title='bbox 514 1102 563 1128; x_wconf 88' lang='lat' dir='ltr'>noua</span> <span class='ocrx_word' id='word_1_116' title='bbox 573 1098 592 1129; x_wconf 91' lang='lat' dir='ltr'>et</span> <span class='ocrx_word' id='word_1_117' title='bbox 600 1090 643 1131; x_wconf 84' lang='lat' dir='ltr'>bar·</span> 
     </span>
     <span class='ocr_line' id='line_1_17' title="bbox 47 1147 644 1204; baseline 0.002 -14"><span class='ocrx_word' id='word_1_118' title='bbox 47 1151 92 1189; x_wconf 84' lang='lat' dir='ltr'>bara</span> <span class='ocrx_word' id='word_1_119' title='bbox 103 1149 203 1194; x_wconf 84' lang='lat' dir='ltr'>vocabula,</span> <span class='ocrx_word' id='word_1_120' title='bbox 218 1149 292 1188; x_wconf 80' lang='lat' dir='ltr'>inutiles</span> <span class='ocrx_word' id='word_1_121' title='bbox 303 1147 429 1197; x_wconf 80' lang='lat' dir='ltr'>quaestiones,</span> <span class='ocrx_word' id='word_1_122' title='bbox 443 1149 510 1198; x_wconf 80' lang='lat' dir='ltr'>quibus</span> <span class='ocrx_word' id='word_1_123' title='bbox 518 1149 538 1187; x_wconf 89' lang='lat' dir='ltr'>iu</span> <span class='ocrx_word' id='word_1_124' title='bbox 545 1150 644 1204; x_wconf 77' lang='lat' dir='ltr'>theologia</span> 
     </span>
     <span class='ocr_line' id='line_1_18' title="bbox 48 1208 645 1261; baseline 0.005 -11"><span class='ocrx_word' id='word_1_125' title='bbox 48 1213 113 1251; x_wconf 89' lang='lat' dir='ltr'>locum</span> <span class='ocrx_word' id='word_1_126' title='bbox 128 1209 223 1254; x_wconf 84' lang='lat' dir='ltr'>dederint,</span> <span class='ocrx_word' id='word_1_127' title='bbox 243 1217 261 1248; x_wconf 89' lang='lat' dir='ltr'>et</span> <span class='ocrx_word' id='word_1_128' title='bbox 275 1208 378 1259; x_wconf 83' lang='lat' dir='ltr'>spinosum,</span> <span class='ocrx_word' id='word_1_129' title='bbox 398 1222 436 1259; x_wconf 87' lang='lat' dir='ltr'>quo</span> <span class='ocrx_word' id='word_1_130' title='bbox 448 1209 529 1261; x_wconf 71' lang='lat' dir='ltr'>vlint,</span> <span class='ocrx_word' id='word_1_131' title='bbox 552 1210 645 1254; x_wconf 85' lang='lat' dir='ltr'>scribendi</span> 
     </span>
     <span class='ocr_line' id='line_1_19' title="bbox 47 1268 644 1324; baseline 0.007 -14"><span class='ocrx_word' id='word_1_132' title='bbox 47 1284 113 1324; x_wconf 81' lang='lat' dir='ltr'>genus,</span> <span class='ocrx_word' id='word_1_133' title='bbox 129 1270 196 1319; x_wconf 84' lang='lat' dir='ltr'>quibus</span> <span class='ocrx_word' id='word_1_134' title='bbox 204 1268 272 1308; x_wconf 75' lang='lat' dir='ltr'>saelum</span> <span class='ocrx_word' id='word_1_135' title='bbox 282 1268 316 1316; x_wconf 86' lang='lat' dir='ltr'>est,</span> <span class='ocrx_word' id='word_1_136' title='bbox 330 1278 351 1308; x_wconf 84' lang='lat' dir='ltr'>vt</span> <span class='ocrx_word' id='word_1_137' title='bbox 358 1270 472 1321; x_wconf 76' lang='lat' dir='ltr'>disciplinam</span> <span class='ocrx_word' id='word_1_138' title='bbox 480 1269 527 1309; x_wconf 84' lang='lat' dir='ltr'>hanc</span> <span class='ocrx_word' id='word_1_139' title='bbox 535 1269 553 1309; x_wconf 93' lang='lat' dir='ltr'>in</span> <span class='ocrx_word' id='word_1_140' title='bbox 562 1271 644 1315; x_wconf 76' lang='lat' dir='ltr'>sterilem</span> 
     </span>
    </p>

    <p class='ocr_par' dir='ltr' id='par_1_3' title="bbox 28 1330 678 2360">
     <span class='ocr_line' id='line_1_20' title="bbox 28 1330 644 1382; baseline -0.006 -10"><span class='ocrx_word' id='word_1_141' title='bbox 28 1359 30 1364; x_wconf 39' lang='grc' dir='ltr'><em>ι</em></span> <span class='ocrx_word' id='word_1_142' title='bbox 47 1339 66 1372; x_wconf 83' lang='lat' dir='ltr'>et</span> <span class='ocrx_word' id='word_1_143' title='bbox 75 1332 159 1372; x_wconf 83' lang='lat' dir='ltr'>inanibus</span> <span class='ocrx_word' id='word_1_144' title='bbox 168 1331 217 1371; x_wconf 81' lang='lat' dir='ltr'>tricis</span> <span class='ocrx_word' id='word_1_145' title='bbox 226 1334 313 1382; x_wconf 82' lang='lat' dir='ltr'>repletam</span> <span class='ocrx_word' id='word_1_146' title='bbox 326 1331 452 1369; x_wconf 83' lang='lat' dir='ltr'>conuerterint</span> <span class='ocrx_word' id='word_1_147' title='bbox 464 1330 564 1375; x_wconf 77' lang='lat' dir='ltr'>seientiam.</span> <span class='ocrx_word' id='word_1_148' title='bbox 597 1336 644 1375; x_wconf 75' lang='lat' dir='ltr'>For.</span> 
     </span>
     <span class='ocr_line' id='line_1_21' title="bbox 47 1389 642 1443; baseline 0.003 -10"><span class='ocrx_word' id='word_1_149' title='bbox 47 1395 91 1433; x_wconf 80' lang='lat' dir='ltr'>sitan</span> <span class='ocrx_word' id='word_1_150' title='bbox 101 1402 170 1438; x_wconf 82' lang='lat' dir='ltr'>autem,</span> <span class='ocrx_word' id='word_1_151' title='bbox 183 1393 195 1431; x_wconf 79' lang='lat' dir='ltr'>st</span> <span class='ocrx_word' id='word_1_152' title='bbox 205 1392 230 1429; x_wconf 93' lang='lat' dir='ltr'>illi</span> <span class='ocrx_word' id='word_1_153' title='bbox 241 1405 277 1431; x_wconf 88' lang='lat' dir='ltr'>non</span> <span class='ocrx_word' id='word_1_154' title='bbox 288 1389 368 1436; x_wconf 80' lang='lat' dir='ltr'>fuissent,</span> <span class='ocrx_word' id='word_1_155' title='bbox 383 1391 498 1443; x_wconf 86' lang='lat' dir='ltr'>philosophia</span> <span class='ocrx_word' id='word_1_156' title='bbox 508 1394 561 1441; x_wconf 82' lang='lat' dir='ltr'>plane</span> <span class='ocrx_word' id='word_1_157' title='bbox 569 1407 580 1432; x_wconf 90' lang='lat' dir='ltr'>e</span> <span class='ocrx_word' id='word_1_158' title='bbox 589 1395 642 1434; x_wconf 86' lang='lat' dir='ltr'>seho-</span> 
     </span>
     <span class='ocr_line' id='line_1_22' title="bbox 47 1452 678 1506; baseline -0.008 -12"><span class='ocrx_word' id='word_1_159' title='bbox 47 1454 70 1494; x_wconf 82' lang='lat' dir='ltr'>lis</span> <span class='ocrx_word' id='word_1_160' title='bbox 79 1457 170 1506; x_wconf 81' lang='lat' dir='ltr'>relegata,</span> <span class='ocrx_word' id='word_1_161' title='bbox 185 1453 231 1492; x_wconf 89' lang='lat' dir='ltr'>nihil</span> <span class='ocrx_word' id='word_1_162' title='bbox 240 1453 277 1492; x_wconf 86' lang='lat' dir='ltr'>sani</span> <span class='ocrx_word' id='word_1_163' title='bbox 287 1452 306 1490; x_wconf 93' lang='lat' dir='ltr'>iu</span> <span class='ocrx_word' id='word_1_164' title='bbox 317 1452 413 1505; x_wconf 74' lang='lat' dir='ltr'>theologia</span> <span class='ocrx_word' id='word_1_165' title='bbox 422 1453 465 1492; x_wconf 86' lang='lat' dir='ltr'>esset</span> <span class='ocrx_word' id='word_1_166' title='bbox 472 1452 563 1498; x_wconf 72' lang='lat' dir='ltr'>relietum.</span> <span class='ocrx_word' id='word_1_167' title='bbox 594 1458 644 1496; x_wconf 92' lang='lat' dir='ltr'>Fuu.</span> <span class='ocrx_word' id='word_1_168' title='bbox 676 1492 678 1494; x_wconf 63' lang='grc'><em>,</em></span> 
     </span>
     <span class='ocr_line' id='line_1_23' title="bbox 48 1513 643 1566; baseline 0.005 -12"><span class='ocrx_word' id='word_1_169' title='bbox 48 1517 134 1555; x_wconf 85' lang='lat' dir='ltr'>damenta</span> <span class='ocrx_word' id='word_1_170' title='bbox 141 1515 195 1554; x_wconf 85' lang='lat' dir='ltr'>huius</span> <span class='ocrx_word' id='word_1_171' title='bbox 205 1513 309 1566; x_wconf 78' lang='lat' dir='ltr'>theologiae</span> <span class='ocrx_word' id='word_1_172' title='bbox 319 1513 433 1553; x_wconf 84' lang='lat' dir='ltr'>scholasticae</span> <span class='ocrx_word' id='word_1_173' title='bbox 443 1514 480 1553; x_wconf 86' lang='lat' dir='ltr'>iam</span> <span class='ocrx_word' id='word_1_174' title='bbox 488 1522 539 1553; x_wconf 86' lang='lat' dir='ltr'>certo</span> <span class='ocrx_word' id='word_1_175' title='bbox 548 1517 606 1557; x_wconf 83' lang='lat' dir='ltr'>modo</span> <span class='ocrx_word' id='word_1_176' title='bbox 616 1519 643 1557; x_wconf 88' lang='lat' dir='ltr'>ie·</span> 
     </span>
     <span class='ocr_line' id='line_1_24' title="bbox 47 1573 643 1631; baseline 0.007 -14"><span class='ocrx_word' id='word_1_177' title='bbox 47 1576 280 1631; x_wconf 74' lang='lat' dir='ltr'>eitnvnvsuiuvs(§.</span> <span class='ocrx_word' id='word_1_178' title='bbox 289 1573 359 1628; x_wconf 78' lang='lat' dir='ltr'>CVM.)</span> <span class='ocrx_word' id='word_1_179' title='bbox 368 1583 387 1614; x_wconf 90' lang='lat' dir='ltr'>et</span> <span class='ocrx_word' id='word_1_180' title='bbox 400 1575 465 1614; x_wconf 85' lang='lat' dir='ltr'>deinde</span> <span class='ocrx_word' id='word_1_181' title='bbox 482 1588 533 1616; x_wconf 78' lang='lat' dir='ltr'>iou.</span> <span class='ocrx_word' id='word_1_182' title='bbox 559 1591 643 1621; x_wconf 76' lang='lat' dir='ltr'>namn·</span> 
     </span>
     <span class='ocr_line' id='line_1_25' title="bbox 51 1633 643 1693; baseline 0.003 -13"><span class='ocrx_word' id='word_1_183' title='bbox 51 1648 154 1685; x_wconf 74' lang='lat' dir='ltr'>scenos,</span> <span class='ocrx_word' id='word_1_184' title='bbox 173 1638 225 1678; x_wconf 83' lang='lat' dir='ltr'>cuius</span> <span class='ocrx_word' id='word_1_185' title='bbox 234 1646 312 1680; x_wconf 80' lang='lat' dir='ltr'>nuatum</span> <span class='ocrx_word' id='word_1_186' title='bbox 324 1636 382 1676; x_wconf 84' lang='lat' dir='ltr'>libros</span> <span class='ocrx_word' id='word_1_187' title='bbox 393 1633 417 1687; x_wconf 82' lang='lat' dir='ltr'>de</span> <span class='ocrx_word' id='word_1_188' title='bbox 429 1634 544 1679; x_wconf 73' lang='lat' dir='ltr'>orthodoxa</span> <span class='ocrx_word' id='word_1_189' title='bbox 551 1636 605 1693; x_wconf 82' lang='lat' dir='ltr'>fide,</span> <span class='ocrx_word' id='word_1_190' title='bbox 623 1641 643 1682; x_wconf 94' lang='lat' dir='ltr'>in</span> 
     </span>
     <span class='ocr_line' id='line_1_26' title="bbox 49 1701 642 1754; baseline 0.003 -13"><span class='ocrx_word' id='word_1_191' title='bbox 49 1702 131 1754; x_wconf 85' lang='lat' dir='ltr'>linguam</span> <span class='ocrx_word' id='word_1_192' title='bbox 146 1701 221 1740; x_wconf 82' lang='lat' dir='ltr'>latinam</span> <span class='ocrx_word' id='word_1_193' title='bbox 235 1702 342 1745; x_wconf 83' lang='lat' dir='ltr'>translatos,</span> <span class='ocrx_word' id='word_1_194' title='bbox 361 1706 447 1749; x_wconf 81' lang='lat' dir='ltr'>tanquam</span> <span class='ocrx_word' id='word_1_195' title='bbox 460 1702 566 1751; x_wconf 76' lang='lat' dir='ltr'>exemplum</span> <span class='ocrx_word' id='word_1_196' title='bbox 579 1706 642 1754; x_wconf 78' lang='lat' dir='ltr'>plures</span> 
     </span>
     <span class='ocr_line' id='line_1_27' title="bbox 48 1758 641 1814; baseline 0.003 -11"><span class='ocrx_word' id='word_1_197' title='bbox 48 1763 171 1813; x_wconf 85' lang='lat' dir='ltr'>sequebantur</span> <span class='ocrx_word' id='word_1_198' title='bbox 179 1762 274 1814; x_wconf 72' lang='lat' dir='ltr'>theologi,</span> <span class='ocrx_word' id='word_1_199' title='bbox 290 1761 321 1799; x_wconf 91' lang='lat' dir='ltr'>sed</span> <span class='ocrx_word' id='word_1_200' title='bbox 329 1759 399 1799; x_wconf 89' lang='lat' dir='ltr'>ratione</span> <span class='ocrx_word' id='word_1_201' title='bbox 407 1758 515 1814; x_wconf 82' lang='lat' dir='ltr'>theologiae</span> <span class='ocrx_word' id='word_1_202' title='bbox 523 1762 641 1814; x_wconf 85' lang='lat' dir='ltr'>scholasticae</span> 
     </span>
     <span class='ocr_line' id='line_1_28' title="bbox 48 1821 642 1878; baseline -0.002 -14"><span class='ocrx_word' id='word_1_203' title='bbox 48 1823 124 1878; x_wconf 84' lang='lat' dir='ltr'>propius</span> <span class='ocrx_word' id='word_1_204' title='bbox 135 1824 255 1873; x_wconf 77' lang='lat' dir='ltr'>confiderata,</span> <span class='ocrx_word' id='word_1_205' title='bbox 270 1825 325 1875; x_wconf 83' lang='lat' dir='ltr'>panto</span> <span class='ocrx_word' id='word_1_206' title='bbox 335 1821 391 1861; x_wconf 84' lang='lat' dir='ltr'>serius</span> <span class='ocrx_word' id='word_1_207' title='bbox 403 1822 453 1863; x_wconf 92' lang='lat' dir='ltr'>illam</span> <span class='ocrx_word' id='word_1_208' title='bbox 465 1830 524 1862; x_wconf 87' lang='lat' dir='ltr'>ortam</span> <span class='ocrx_word' id='word_1_209' title='bbox 533 1824 579 1871; x_wconf 83' lang='lat' dir='ltr'>esse,</span> <span class='ocrx_word' id='word_1_210' title='bbox 594 1839 642 1866; x_wconf 87' lang='lat' dir='ltr'>eon.</span> 
     </span>
     <span class='ocr_line' id='line_1_29' title="bbox 49 1883 642 1939; baseline 0.003 -13"><span class='ocrx_word' id='word_1_211' title='bbox 49 1888 114 1926; x_wconf 85' lang='lat' dir='ltr'>cedere</span> <span class='ocrx_word' id='word_1_212' title='bbox 123 1892 199 1939; x_wconf 87' lang='lat' dir='ltr'>oportet</span> <span class='ocrx_word' id='word_1_213' title='bbox 208 1886 282 1937; x_wconf 72' lang='lat' dir='ltr'>eiusque</span> <span class='ocrx_word' id='word_1_214' title='bbox 291 1883 366 1931; x_wconf 77' lang='lat' dir='ltr'>natales,</span> <span class='ocrx_word' id='word_1_215' title='bbox 376 1884 404 1924; x_wconf 92' lang='lat' dir='ltr'>vti</span> <span class='ocrx_word' id='word_1_216' title='bbox 412 1884 504 1925; x_wconf 85' lang='lat' dir='ltr'>nonnullis</span> <span class='ocrx_word' id='word_1_217' title='bbox 512 1887 578 1937; x_wconf 82' lang='lat' dir='ltr'>placet,</span> <span class='ocrx_word' id='word_1_218' title='bbox 590 1889 642 1928; x_wconf 84' lang='lat' dir='ltr'>seeu-</span> 
     </span>
     <span class='ocr_line' id='line_1_30' title="bbox 48 1948 642 1991; baseline 0.005 -3"><span class='ocrx_word' id='word_1_219' title='bbox 48 1948 290 1991; x_wconf 71' lang='lat' dir='ltr'>toxlauaumauco</span> <span class='ocrx_word' id='word_1_220' title='bbox 306 1954 325 1986; x_wconf 89' lang='lat' dir='ltr'>et</span> <span class='ocrx_word' id='word_1_221' title='bbox 341 1959 462 1987; x_wconf 73' lang='lat' dir='ltr'>ausunmo</span> <span class='ocrx_word' id='word_1_222' title='bbox 482 1953 513 1986; x_wconf 83' lang='lat' dir='ltr'>aut</span> <span class='ocrx_word' id='word_1_223' title='bbox 527 1960 642 1991; x_wconf 72' lang='lat' dir='ltr'>noscen-</span> 
     </span>
     <span class='ocr_line' id='line_1_31' title="bbox 48 2008 643 2063; baseline 0 -12"><span class='ocrx_word' id='word_1_224' title='bbox 48 2023 94 2056; x_wconf 69' lang='lat' dir='ltr'>tio,</span> <span class='ocrx_word' id='word_1_225' title='bbox 107 2012 148 2058; x_wconf 84' lang='lat' dir='ltr'>vel,</span> <span class='ocrx_word' id='word_1_226' title='bbox 166 2018 188 2050; x_wconf 84' lang='lat' dir='ltr'>vt</span> <span class='ocrx_word' id='word_1_227' title='bbox 200 2010 283 2063; x_wconf 83' lang='lat' dir='ltr'>pluribus</span> <span class='ocrx_word' id='word_1_228' title='bbox 297 2008 383 2056; x_wconf 86' lang='lat' dir='ltr'>videtur,</span> <span class='ocrx_word' id='word_1_229' title='bbox 403 2011 464 2049; x_wconf 87' lang='lat' dir='ltr'>seculo</span> <span class='ocrx_word' id='word_1_230' title='bbox 479 2008 521 2049; x_wconf 87' lang='lat' dir='ltr'>Xll.</span> <span class='ocrx_word' id='word_1_231' title='bbox 533 2022 544 2048; x_wconf 85' lang='lat' dir='ltr'>a</span> <span class='ocrx_word' id='word_1_232' title='bbox 557 2023 643 2053; x_wconf 73' lang='lat' dir='ltr'>anano</span> 
     </span>
     <span class='ocr_line' id='line_1_32' title="bbox 50 2070 644 2126; baseline 0.005 -16"><span class='ocrx_word' id='word_1_233' title='bbox 50 2082 204 2116; x_wconf 72' lang='lat' dir='ltr'>aunatnuno</span> <span class='ocrx_word' id='word_1_234' title='bbox 214 2073 280 2112; x_wconf 83' lang='lat' dir='ltr'>eteius</span> <span class='ocrx_word' id='word_1_235' title='bbox 290 2070 379 2124; x_wconf 83' lang='lat' dir='ltr'>discipulo</span> <span class='ocrx_word' id='word_1_236' title='bbox 390 2081 527 2112; x_wconf 76' lang='lat' dir='ltr'>LonuunRuo</span> <span class='ocrx_word' id='word_1_237' title='bbox 540 2071 582 2112; x_wconf 92' lang='lat' dir='ltr'>sunt</span> <span class='ocrx_word' id='word_1_238' title='bbox 590 2086 644 2126; x_wconf 84' lang='lat' dir='ltr'>repe·</span> 
     </span>
     <span class='ocr_line' id='line_1_33' title="bbox 50 2130 644 2186; baseline 0.007 -14"><span class='ocrx_word' id='word_1_239' title='bbox 50 2132 109 2177; x_wconf 84' lang='lat' dir='ltr'>tendi,</span> <span class='ocrx_word' id='word_1_240' title='bbox 138 2132 171 2172; x_wconf 91' lang='lat' dir='ltr'>Ob</span> <span class='ocrx_word' id='word_1_241' title='bbox 184 2133 254 2174; x_wconf 85' lang='lat' dir='ltr'>variam</span> <span class='ocrx_word' id='word_1_242' title='bbox 270 2130 376 2186; x_wconf 82' lang='lat' dir='ltr'>theologiae</span> <span class='ocrx_word' id='word_1_243' title='bbox 393 2132 506 2172; x_wconf 86' lang='lat' dir='ltr'>scholasticae</span> <span class='ocrx_word' id='word_1_244' title='bbox 520 2132 644 2176; x_wconf 89' lang='lat' dir='ltr'>mutationem</span> 
     </span>
     <span class='ocr_line' id='line_1_34' title="bbox 51 2191 643 2251; baseline -0.002 -15"><span class='ocrx_word' id='word_1_245' title='bbox 51 2204 94 2237; x_wconf 69' lang='lat' dir='ltr'>taes</span> <span class='ocrx_word' id='word_1_246' title='bbox 102 2194 140 2234; x_wconf 84' lang='lat' dir='ltr'>etus</span> <span class='ocrx_word' id='word_1_247' title='bbox 148 2191 256 2247; x_wconf 78' lang='lat' dir='ltr'>plerumque</span> <span class='ocrx_word' id='word_1_248' title='bbox 264 2202 359 2247; x_wconf 85' lang='lat' dir='ltr'>ponuntur</span> <span class='ocrx_word' id='word_1_249' title='bbox 365 2203 448 2237; x_wconf 77' lang='lat' dir='ltr'>aetutesz</span> <span class='ocrx_word' id='word_1_250' title='bbox 459 2192 534 2251; x_wconf 76' lang='lat' dir='ltr'>prima</span> <span class='ocrx_word' id='word_1_251' title='bbox 546 2196 569 2235; x_wconf 89' lang='lat' dir='ltr'>ab</span> <span class='ocrx_word' id='word_1_252' title='bbox 581 2198 643 2237; x_wconf 84' lang='lat' dir='ltr'>Ahae-</span> 
     </span>
     <span class='ocr_line' id='line_1_35' title="bbox 51 2252 648 2312; baseline 0.007 -16"><span class='ocrx_word' id='word_1_253' title='bbox 51 2253 105 2297; x_wconf 80' lang='lat' dir='ltr'>lardo</span> <span class='ocrx_word' id='word_1_254' title='bbox 114 2259 145 2297; x_wconf 87' lang='lat' dir='ltr'>vel</span> <span class='ocrx_word' id='word_1_255' title='bbox 154 2256 273 2304; x_wconf 82' lang='lat' dir='ltr'>Lombaulo‚</span> <span class='ocrx_word' id='word_1_256' title='bbox 280 2252 372 2312; x_wconf 79' lang='lat' dir='ltr'>secunda</span> <span class='ocrx_word' id='word_1_257' title='bbox 383 2256 406 2295; x_wconf 84' lang='lat' dir='ltr'>ab</span> <span class='ocrx_word' id='word_1_258' title='bbox 414 2256 493 2297; x_wconf 82' lang='lat' dir='ltr'>Alberto</span> <span class='ocrx_word' id='word_1_259' title='bbox 507 2255 537 2297; x_wconf 83' lang='lat' dir='ltr'>nt.</span> <span class='ocrx_word' id='word_1_260' title='bbox 552 2265 571 2298; x_wconf 90' lang='lat' dir='ltr'>et</span> <span class='ocrx_word' id='word_1_261' title='bbox 582 2257 648 2299; x_wconf 76' lang='lat' dir='ltr'>tertia-</span> 
     </span>
     <span class='ocr_line' id='line_1_36' title="bbox 353 2319 642 2360; baseline 0.01 -4"><span class='ocrx_word' id='word_1_262' title='bbox 353 2319 394 2360; x_wconf 79' lang='lat' dir='ltr'>Ge</span> <span class='ocrx_word' id='word_1_263' title='bbox 583 2319 642 2359; x_wconf 86' lang='lat' dir='ltr'>aDu·</span> 
     </span>
    </p>
   </div>
   <div class='ocr_carea' id='block_1_3' title="bbox 0 0 856 2774">
    <p class='ocr_par' dir='ltr' id='par_1_4' title="bbox 0 0 856 2774">
     <span class='ocr_line' id='line_1_37' title="bbox 0 0 856 2774; baseline 0 2"><span class='ocrx_word' id='word_1_264' title='bbox 0 0 856 2774; x_wconf 95' lang='lat' dir='ltr'> </span> 
     </span>
    </p>
   </div>
  </div>
 </body>
</html>
