1702 2774
86 152 124 190 ne
140 144 324 190 municione
342 143 645 204 Anrrnvlsstutnetc.
658 146 687 196 75

87 246 195 308 tergentis
203 245 225 288 z'n
232 254 315 303 utroque
324 256 387 303 tegno
397 246 504 297 plerumque
513 258 579 299 parum
588 253 641 285 erant
649 248 688 286 lau·

90 312 171 355 debiles,
188 321 230 347 cum
239 307 319 347 maxima
329 319 370 357 pars
378 317 444 357 regum
456 311 547 347 malorum
562 305 652 361 exemplo
665 308 689 348 ad

90 373 178 423 pietatem
195 368 324 421 negligendam
343 374 362 422 et
383 366 458 416 qnaeris
474 370 540 419 flagitia
554 370 689 410 committenda

91 439 250 473 commoneretur.
277 430 337 469 Aliter
345 441 391 468 vero
401 430 419 466 se
427 440 456 467 res
468 427 532 468 habuit
544 432 577 470 sub
590 432 625 485 piis
639 432 690 485 regi·

91 489 138 544 bus,
154 493 196 544 qui,
214 500 236 532 vt
246 487 327 543 populus
339 488 358 527 in
368 489 458 541 religione
467 488 591 532 institueretur
598 494 690 536 2Chr0n.

93 563 156 603 XVII,
172 568 191 597 1·
199 568 218 602 9.
228 561 247 593 et
255 561 275 592 ut
284 551 307 590 ad
319 552 369 604 leges
378 551 471 591 Mosaicas
481 553 577 591 seruandas
591 556 691 610 adstringe·

92 617 348 669 retirr2lieg.x)tlll‚1·3.
364 627 434 669 er·24.
450 615 540 655 2Chron.
550 622 691 665 xxixxxx,

94 692 111 718 c.
123 685 204 725 xxxv,
217 689 270 729 1·t9.
280 688 355 716 ornnem
369 676 493 717 adhibuerunt
505 689 589 729 operam.
620 677 649 716 Ex
661 690 692 725 eo,

95 742 145 792 quod
153 739 201 780 liber
209 738 257 793 legis
265 745 350 792 tempore
359 738 415 778 lotae
423 738 442 778 in
454 741 524 792 templo
537 739 625 779 inuentus
634 740 692 780 fuerit

95 819 107 847 2
116 804 165 856 Reg.
173 810 236 853 XXII,
251 805 303 847 8⁴1·
317 815 330 841 2
340 800 429 840 Chronic.
440 809 512 849 xxiv,
526 812 549 849 ret
558 825 565 832 -
574 815 595 852 19
608 801 694 842 nonnulli

96 863 223 917 collegerunt,
239 872 353 915 eotempore
364 862 456 916 plerisque
468 865 528 916 legem
538 862 642 903 mosaicam
656 865 694 915 pla·

95 940 120 967 ne
130 926 182 966 inille
190 925 315 979 incognitam
336 923 368 965 alti
379 938 426 965 vero
439 938 477 965 non
489 926 524 965 fine
537 926 590 966 cause
602 923 695 976 suspican-

95 997 139 1038 un,
154 988 222 1027 librum
232 988 281 1026 linnc
290 985 335 1040 legis
345 1000 400 1027 manu
414 987 473 1028 Mons
486 987 573 1040 scriptum
588 995 608 1027 et
622 994 696 1039 praeter

97 1063 140 1091 eum
151 1048 261 1098 ellendune,
273 1049 357 1100 quamuis
367 1062 406 1089 non
414 1050 467 1090 uelde
476 1050 578 1102 diuulgata,
594 1048 633 1089 eius
641 1048 695 1089 iuiss'e

98 1115 192 1165 exempla.

348 1208 365 1268 p.
396 1201 447 1251 xci.

162 1290 250 1344 Inprimis
259 1290 282 1330 ad
291 1290 401 1343 religionem
414 1292 558 1332 construendam
570 1299 589 1332 et
600 1291 698 1345 puriorem

98 1355 211 1397 reddendam
221 1356 300 1393 multum
311 1356 430 1394 contulerunt
435 1351 556 1409 propietate,
573 1356 653 1405 quorum
663 1363 697 1406 per

100 1418 137 1458 hoc
147 1415 365 1468 temporisinteruallnm
377 1428 454 1468 mugnus
469 1416 505 1455 fuit
517 1429 611 1457 numerus.
640 1417 699 1456 Erant

102 1486 165 1520 autem
178 1478 279 1529 prophetae
292 1476 363 1529 publici
372 1477 504 1518 Hebraeorum
516 1477 615 1525 douoees,
634 1491 702 1532 magna

48 1582 50 1585 Α
103 1540 202 1582 autoritate
211 1538 295 1591 praediti.
326 1539 399 1579 Eorum
411 1540 486 1589 quidem
494 1540 556 1580 multis
565 1540 667 1594 prodigiis,
682 1542 701 1580 se

103 1602 180 1643 nomine
190 1602 230 1641 Dei
241 1613 305 1653 agere,
325 1602 468 1650 confirmarunt,
483 1602 566 1654 plerique
579 1602 615 1641 suis
628 1601 702 1643 iutum-
735 1625 736 1628 =

104 1678 146 1705 rum
154 1661 310 1716 praeditiionibus
319 1662 375 1701 rebus
384 1676 394 1702 a
403 1664 421 1701 se
434 1663 516 1702 dicendis
525 1677 613 1717 magnum
627 1664 702 1704 addide-

105 1736 149 1767 runt
157 1726 241 1779 pondus,
257 1736 323 1765 omnes
332 1724 407 1764 veroin
421 1726 491 1777 populo
502 1725 587 1765 docendo
601 1735 619 1765 et
630 1726 649 1765 in
661 1738 702 1765 mo·

105 1802 149 1830 rum
162 1801 183 1827 ec
194 1786 288 1840 religionis
302 1786 422 1839 corruptione
437 1786 554 1839 reprimenda
568 1795 620 1827 erant
632 1787 703 1829 affidui.

107 1851 129 1891 ln
139 1849 260 1890 concionibus
268 1847 316 1894 suis,
333 1861 377 1898 quas
385 1861 450 1889 coram
462 1856 517 1887 coetu
530 1849 611 1899 quodam
625 1857 704 1901 congre·

108 1921 152 1967 gato
161 1911 265 1951 habuerunt
274 1924 286 1951 2
295 1912 343 1963 ueg.
352 1906 387 1960 IV,
396 1922 426 1960 23.
443 1923 459 1953 c,
468 1911 502 1959 VI,
511 1922 540 1962 32,
555 1910 642 1951 Ezechiel
650 1911 705 1960 Vlll,

108 1987 123 2016 1.
140 1988 156 2016 c.
165 1982 219 2021 XIV,
232 1989 247 2017 1·
263 1981 380 2020 c.xxx111‚
395 1985 420 2027 31.
431 1972 451 2011 id
459 1973 546 2024 agebant,
566 1980 587 2012 vt
599 1985 664 2012 veram
677 1985 706 2012 re·

109 2036 186 2088 ligionis
201 2036 284 2086 indolem
298 2042 425 2086 exponerent,
443 2033 558 2073 idololatriae
574 2035 706 2075 verterenet

111 2096 242 2138 absurditatem
253 2096 397 2136 demonstrarent
406 2103 424 2135 et
431 2094 525 2148 gredentia
537 2095 646 2150 castigarent
654 2094 707 2138 viiii.

113 2159 204 2215 Quamuis
218 2157 309 2210 populum
323 2158 346 2198 ad
359 2158 405 2210 legis
420 2157 512 2196 Mosaicae
526 2158 607 2199 sedulam
621 2159 707 2199 adhorta-

113 2230 178 2261 rentur
185 2220 344 2268 obseruationem,
359 2228 431 2265 tamen,
444 2232 485 2259 cum
497 2219 593 2268 uiderent,
609 2225 707 2273 plerosque

113 2277 190 2328 omnem
199 2284 250 2324 suam
258 2281 367 2337 religionem
377 2294 446 2335 ponere
456 2281 475 2322 in
486 2284 537 2323 cultu
548 2283 586 2324 Dei
596 2292 674 2323 externo
689 2288 708 2322 et

656 2355 708 2398 prae·
