<?xml version="1.0" encoding="UTF-8"?>
<!DOCTYPE html PUBLIC "-//W3C//DTD XHTML 1.0 Transitional//EN"
    "http://www.w3.org/TR/xhtml1/DTD/xhtml1-transitional.dtd">
<html xmlns="http://www.w3.org/1999/xhtml" xml:lang="en" lang="en">
 <head>
  <title>
</title>
<meta http-equiv="Content-Type" content="text/html;charset=utf-8" />
  <meta name='ocr-system' content='tesseract 3.04.00' />
  <meta name='ocr-capabilities' content='ocr_page ocr_carea ocr_par ocr_line ocrx_word'/>
</head>
<body>
  <div class='ocr_page' id='page_1' title='image "MN40378ucmf_1_0085.png"; bbox 0 0 1702 2774; ppageno 0'>
   <div class='ocr_carea' id='block_1_1' title="bbox 168 106 662 179">
    <p class='ocr_par' dir='ltr' id='par_1_1' title="bbox 168 106 662 179">
     <span class='ocr_line' id='line_1_1' title="bbox 168 106 662 179; baseline 0.008 -12"><span class='ocrx_word' id='word_1_1' title='bbox 168 130 206 167; x_wconf 78' lang='lat' dir='ltr'><strong>or</strong></span> <span class='ocrx_word' id='word_1_2' title='bbox 228 106 425 165; x_wconf 74' lang='lat' dir='ltr'><strong>sca&#39;trrvan&#39;</strong></span> <span class='ocrx_word' id='word_1_3' title='bbox 441 106 557 169; x_wconf 69' lang='lat' dir='ltr'><strong>sacua·</strong></span> <span class='ocrx_word' id='word_1_4' title='bbox 632 125 662 179; x_wconf 73' lang='lat'><strong>43</strong></span> 
     </span>
    </p>
   </div>
   <div class='ocr_carea' id='block_1_2' title="bbox 55 218 671 1571">
    <p class='ocr_par' dir='ltr' id='par_1_2' title="bbox 55 218 671 1571">
     <span class='ocr_line' id='line_1_2' title="bbox 60 218 662 284; baseline -0.008 -15"><span class='ocrx_word' id='word_1_5' title='bbox 60 224 103 284; x_wconf 77' lang='lat' dir='ltr'><strong>stol</strong></span> <span class='ocrx_word' id='word_1_6' title='bbox 102 240 125 268; x_wconf 81' lang='lat' dir='ltr'><strong>ot</strong></span> <span class='ocrx_word' id='word_1_7' title='bbox 126 234 160 268; x_wconf 70' lang='lat' dir='ltr'><strong>tren</strong></span> <span class='ocrx_word' id='word_1_8' title='bbox 169 224 192 264; x_wconf 89' lang='lat' dir='ltr'><strong>de</strong></span> <span class='ocrx_word' id='word_1_9' title='bbox 202 225 263 278; x_wconf 90' lang='lat' dir='ltr'><strong>primo</strong></span> <span class='ocrx_word' id='word_1_10' title='bbox 271 224 354 272; x_wconf 84' lang='lat' dir='ltr'><strong>ecclefiae</strong></span> <span class='ocrx_word' id='word_1_11' title='bbox 363 224 468 267; x_wconf 82' lang='lat' dir='ltr'><strong>christianae</strong></span> <span class='ocrx_word' id='word_1_12' title='bbox 480 226 527 267; x_wconf 83' lang='lat' dir='ltr'><strong>statu</strong></span> <span class='ocrx_word' id='word_1_13' title='bbox 540 223 571 266; x_wconf 84' lang='lat' dir='ltr'><strong>titt</strong></span> <span class='ocrx_word' id='word_1_14' title='bbox 564 218 612 265; x_wconf 87' lang='lat' dir='ltr'><strong>teris</strong></span> <span class='ocrx_word' id='word_1_15' title='bbox 617 236 662 264; x_wconf 92' lang='lat' dir='ltr'><strong>con·</strong></span> 
     </span>
     <span class='ocr_line' id='line_1_3' title="bbox 55 280 664 341; baseline -0.005 -13"><span class='ocrx_word' id='word_1_16' title='bbox 55 288 145 339; x_wconf 62' lang='lat' dir='ltr'><strong>,signauit</strong></span> <span class='ocrx_word' id='word_1_17' title='bbox 157 300 245 335; x_wconf 75' lang='lat' dir='ltr'><strong>chrtS,</strong></span> <span class='ocrx_word' id='word_1_18' title='bbox 264 300 286 326; x_wconf 85' lang='lat' dir='ltr'><strong>ea</strong></span> <span class='ocrx_word' id='word_1_19' title='bbox 297 286 364 339; x_wconf 85' lang='lat' dir='ltr'><strong>partim</strong></span> <span class='ocrx_word' id='word_1_20' title='bbox 382 288 452 338; x_wconf 87' lang='lat' dir='ltr'><strong>accepit</strong></span> <span class='ocrx_word' id='word_1_21' title='bbox 464 280 612 341; x_wconf 82' lang='lat' dir='ltr'><strong>abApostolis‚</strong></span> <span class='ocrx_word' id='word_1_22' title='bbox 621 299 664 339; x_wconf 88' lang='lat' dir='ltr'><strong>par</strong></span> 
     </span>
     <span class='ocr_line' id='line_1_4' title="bbox 67 343 664 402; baseline 0.002 -15"><span class='ocrx_word' id='word_1_23' title='bbox 67 349 101 387; x_wconf 87' lang='lat' dir='ltr'><strong>tim</strong></span> <span class='ocrx_word' id='word_1_24' title='bbox 110 361 143 400; x_wconf 81' lang='lat' dir='ltr'><strong>prr</strong></span> <span class='ocrx_word' id='word_1_25' title='bbox 153 349 171 387; x_wconf 88' lang='lat' dir='ltr'><strong>se</strong></span> <span class='ocrx_word' id='word_1_26' title='bbox 178 347 234 389; x_wconf 88' lang='lat' dir='ltr'><strong>hab</strong></span> <span class='ocrx_word' id='word_1_27' title='bbox 216 358 243 389; x_wconf 77' lang='lat' dir='ltr'><strong>uit</strong></span> <span class='ocrx_word' id='word_1_28' title='bbox 255 348 334 402; x_wconf 76' lang='lat' dir='ltr'><strong>cognita</strong></span> <span class='ocrx_word' id='word_1_29' title='bbox 365 347 436 400; x_wconf 85' lang='lat' dir='ltr'><strong>Magna</strong></span> <span class='ocrx_word' id='word_1_30' title='bbox 448 362 532 400; x_wconf 84' lang='lat' dir='ltr'><strong>quoque,</strong></span> <span class='ocrx_word' id='word_1_31' title='bbox 547 363 583 402; x_wconf 89' lang='lat' dir='ltr'><strong>qua</strong></span> <span class='ocrx_word' id='word_1_32' title='bbox 591 348 612 389; x_wconf 87' lang='lat' dir='ltr'><strong>hi</strong></span> <span class='ocrx_word' id='word_1_33' title='bbox 619 343 664 388; x_wconf 90' lang='lat' dir='ltr'><strong>seri·</strong></span> 
     </span>
     <span class='ocr_line' id='line_1_5' title="bbox 66 411 664 463; baseline 0.005 -16"><span class='ocrx_word' id='word_1_34' title='bbox 66 416 131 463; x_wconf 80' lang='lat' dir='ltr'><strong>ptores</strong></span> <span class='ocrx_word' id='word_1_35' title='bbox 140 411 218 463; x_wconf 81' lang='lat' dir='ltr'><strong>praediti</strong></span> <span class='ocrx_word' id='word_1_36' title='bbox 226 418 290 459; x_wconf 82' lang='lat' dir='ltr'><strong>erant,</strong></span> <span class='ocrx_word' id='word_1_37' title='bbox 305 411 363 461; x_wconf 87' lang='lat' dir='ltr'><strong>pietas</strong></span> <span class='ocrx_word' id='word_1_38' title='bbox 371 416 389 447; x_wconf 91' lang='lat' dir='ltr'><strong>et</strong></span> <span class='ocrx_word' id='word_1_39' title='bbox 398 416 448 448; x_wconf 92' lang='lat' dir='ltr'><strong>totus</strong></span> <span class='ocrx_word' id='word_1_40' title='bbox 457 411 513 450; x_wconf 86' lang='lat' dir='ltr'><strong>animi</strong></span> <span class='ocrx_word' id='word_1_41' title='bbox 521 425 587 453; x_wconf 88' lang='lat' dir='ltr'><strong>eorum</strong></span> <span class='ocrx_word' id='word_1_42' title='bbox 600 411 664 451; x_wconf 79' lang='lat' dir='ltr'><strong>chara·</strong></span> 
     </span>
     <span class='ocr_line' id='line_1_6' title="bbox 68 469 664 525; baseline 0.005 -13"><span class='ocrx_word' id='word_1_43' title='bbox 68 470 147 519; x_wconf 56' lang='lat' dir='ltr'><strong>tremo</strong></span> <span class='ocrx_word' id='word_1_44' title='bbox 149 472 216 512; x_wconf 71' lang='lat' dir='ltr'><strong>ruistis</strong></span> <span class='ocrx_word' id='word_1_45' title='bbox 226 484 293 513; x_wconf 89' lang='lat' dir='ltr'><strong>eorum</strong></span> <span class='ocrx_word' id='word_1_46' title='bbox 301 483 376 510; x_wconf 81' lang='lat' dir='ltr'><strong>omnem</strong></span> <span class='ocrx_word' id='word_1_47' title='bbox 385 469 484 511; x_wconf 80' lang='lat' dir='ltr'><strong>habeamus</strong></span> <span class='ocrx_word' id='word_1_48' title='bbox 493 472 555 525; x_wconf 85' lang='lat' dir='ltr'><strong>fidem,</strong></span> <span class='ocrx_word' id='word_1_49' title='bbox 570 486 664 515; x_wconf 88' lang='lat' dir='ltr'><strong>noscom-</strong></span> 
     </span>
     <span class='ocr_line' id='line_1_7' title="bbox 67 532 663 590; baseline 0.005 -16"><span class='ocrx_word' id='word_1_50' title='bbox 67 546 145 574; x_wconf 88' lang='lat' dir='ltr'><strong>rnouere</strong></span> <span class='ocrx_word' id='word_1_51' title='bbox 154 535 229 577; x_wconf 87' lang='lat' dir='ltr'><strong>debent</strong></span> <span class='ocrx_word' id='word_1_52' title='bbox 257 535 319 590; x_wconf 83' lang='lat' dir='ltr'><strong>Quam</strong></span> <span class='ocrx_word' id='word_1_53' title='bbox 330 532 376 573; x_wconf 87' lang='lat' dir='ltr'><strong>vel</strong></span> <span class='ocrx_word' id='word_1_54' title='bbox 370 546 389 573; x_wconf 86' lang='lat' dir='ltr'><strong>tu</strong></span> <span class='ocrx_word' id='word_1_55' title='bbox 398 533 519 580; x_wconf 72' lang='lat' dir='ltr'><strong>mirabilibus,</strong></span> <span class='ocrx_word' id='word_1_56' title='bbox 529 545 663 584; x_wconf 72' lang='lat' dir='ltr'><strong>quaeramur,</strong></span> 
     </span>
     <span class='ocr_line' id='line_1_8' title="bbox 66 594 669 647; baseline 0.005 -12"><span class='ocrx_word' id='word_1_57' title='bbox 66 603 173 642; x_wconf 79' lang='lat' dir='ltr'><strong>merentur,</strong></span> <span class='ocrx_word' id='word_1_58' title='bbox 190 596 232 647; x_wconf 89' lang='lat' dir='ltr'><strong>quia</strong></span> <span class='ocrx_word' id='word_1_59' title='bbox 240 609 283 635; x_wconf 88' lang='lat' dir='ltr'><strong>curn</strong></span> <span class='ocrx_word' id='word_1_60' title='bbox 298 594 449 646; x_wconf 66' lang='lat' dir='ltr'><strong>reliquuntur,</strong></span> <span class='ocrx_word' id='word_1_61' title='bbox 468 598 491 636; x_wconf 91' lang='lat' dir='ltr'><strong>de</strong></span> <span class='ocrx_word' id='word_1_62' title='bbox 504 595 571 645; x_wconf 88' lang='lat' dir='ltr'><strong>quibus</strong></span> <span class='ocrx_word' id='word_1_63' title='bbox 584 597 662 637; x_wconf 90' lang='lat' dir='ltr'><strong>dubita&#39;</strong></span> <span class='ocrx_word' id='word_1_64' title='bbox 636 612 669 639; x_wconf 90' lang='lat' dir='ltr'><strong>rr</strong></span> 
     </span>
     <span class='ocr_line' id='line_1_9' title="bbox 67 656 664 709; baseline 0.003 -12"><span class='ocrx_word' id='word_1_65' title='bbox 67 657 143 707; x_wconf 89' lang='lat' dir='ltr'><strong>nequit,</strong></span> <span class='ocrx_word' id='word_1_66' title='bbox 156 657 189 698; x_wconf 86' lang='lat' dir='ltr'><strong>ista</strong></span> <span class='ocrx_word' id='word_1_67' title='bbox 198 667 236 699; x_wconf 87' lang='lat' dir='ltr'><strong>tarn</strong></span> <span class='ocrx_word' id='word_1_68' title='bbox 246 657 297 698; x_wconf 69' lang='lat' dir='ltr'><strong>ardo</strong></span> <span class='ocrx_word' id='word_1_69' title='bbox 307 656 407 697; x_wconf 82' lang='lat' dir='ltr'>cohaerent</span> <span class='ocrx_word' id='word_1_70' title='bbox 416 670 475 705; x_wconf 80' lang='lat' dir='ltr'><strong>nexu,</strong></span> <span class='ocrx_word' id='word_1_71' title='bbox 490 664 513 698; x_wconf 89' lang='lat' dir='ltr'><strong>vt</strong></span> <span class='ocrx_word' id='word_1_72' title='bbox 524 658 537 697; x_wconf 87' lang='lat' dir='ltr'>fi</span> <span class='ocrx_word' id='word_1_73' title='bbox 548 671 569 698; x_wconf 88' lang='lat' dir='ltr'><strong>ea</strong></span> <span class='ocrx_word' id='word_1_74' title='bbox 578 666 664 709; x_wconf 79' lang='lat' dir='ltr'><strong>tanquam</strong></span> 
     </span>
     <span class='ocr_line' id='line_1_10' title="bbox 63 716 664 776; baseline 0.005 -17"><span class='ocrx_word' id='word_1_75' title='bbox 63 721 129 759; x_wconf 74' lang='lat' dir='ltr'><strong>¹causas</strong></span> <span class='ocrx_word' id='word_1_76' title='bbox 137 719 358 776; x_wconf 55' lang='lat' dir='ltr'><strong>tollas2alterasubststere</strong></span> <span class='ocrx_word' id='word_1_77' title='bbox 367 731 405 758; x_wconf 94' lang='lat' dir='ltr'><strong>non</strong></span> <span class='ocrx_word' id='word_1_78' title='bbox 413 716 491 772; x_wconf 81' lang='lat' dir='ltr'><strong>poffint3</strong></span> <span class='ocrx_word' id='word_1_79' title='bbox 506 717 532 776; x_wconf 77' lang='lat'><strong>4)</strong></span> <span class='ocrx_word' id='word_1_80' title='bbox 542 721 592 770; x_wconf 88' lang='lat' dir='ltr'><strong>quod</strong></span> <span class='ocrx_word' id='word_1_81' title='bbox 602 721 664 762; x_wconf 88' lang='lat' dir='ltr'><strong>omnia</strong></span> 
     </span>
     <span class='ocr_line' id='line_1_11' title="bbox 68 780 665 835; baseline 0.005 -14"><span class='ocrx_word' id='word_1_82' title='bbox 68 781 88 821; x_wconf 89' lang='lat' dir='ltr'><strong>in</strong></span> <span class='ocrx_word' id='word_1_83' title='bbox 99 781 127 821; x_wconf 86' lang='lat' dir='ltr'><strong>his</strong></span> <span class='ocrx_word' id='word_1_84' title='bbox 135 780 188 830; x_wconf 88' lang='lat' dir='ltr'><strong>libris</strong></span> <span class='ocrx_word' id='word_1_85' title='bbox 196 795 219 821; x_wconf 90' lang='lat' dir='ltr'><strong>eo</strong></span> <span class='ocrx_word' id='word_1_86' title='bbox 231 783 318 835; x_wconf 79' lang='lat' dir='ltr'><strong>tendant,</strong></span> <span class='ocrx_word' id='word_1_87' title='bbox 336 788 358 821; x_wconf 85' lang='lat' dir='ltr'><strong>vt</strong></span> <span class='ocrx_word' id='word_1_88' title='bbox 369 781 423 820; x_wconf 86' lang='lat' dir='ltr'><strong>valde</strong></span> <span class='ocrx_word' id='word_1_89' title='bbox 436 782 522 834; x_wconf 87' lang='lat' dir='ltr'><strong>populari</strong></span> <span class='ocrx_word' id='word_1_90' title='bbox 534 781 607 823; x_wconf 90' lang='lat' dir='ltr'><strong>ratione</strong></span> <span class='ocrx_word' id='word_1_91' title='bbox 619 795 665 824; x_wconf 84' lang='lat' dir='ltr'><strong>vera</strong></span> 
     </span>
     <span class='ocr_line' id='line_1_12' title="bbox 68 841 666 897; baseline 0.003 -15"><span class='ocrx_word' id='word_1_92' title='bbox 68 844 158 883; x_wconf 84' lang='lat' dir='ltr'><strong>doceatur</strong></span> <span class='ocrx_word' id='word_1_93' title='bbox 167 843 240 896; x_wconf 83' lang='lat' dir='ltr'><strong>religio.</strong></span> <span class='ocrx_word' id='word_1_94' title='bbox 270 843 315 882; x_wconf 87' lang='lat' dir='ltr'><strong>ldeo</strong></span> <span class='ocrx_word' id='word_1_95' title='bbox 323 843 343 882; x_wconf 92' lang='lat' dir='ltr'><strong>in</strong></span> <span class='ocrx_word' id='word_1_96' title='bbox 352 841 441 896; x_wconf 84' lang='lat' dir='ltr'><strong>historiis,</strong></span> <span class='ocrx_word' id='word_1_97' title='bbox 461 856 507 894; x_wconf 87' lang='lat' dir='ltr'><strong>quae</strong></span> <span class='ocrx_word' id='word_1_98' title='bbox 520 845 608 897; x_wconf 85' lang='lat' dir='ltr'><strong>leguntur</strong></span> <span class='ocrx_word' id='word_1_99' title='bbox 619 847 666 884; x_wconf 89' lang='lat' dir='ltr'><strong>rela-</strong></span> 
     </span>
     <span class='ocr_line' id='line_1_13' title="bbox 67 905 668 958; baseline 0.002 -13"><span class='ocrx_word' id='word_1_100' title='bbox 67 912 105 952; x_wconf 80' lang='lat' dir='ltr'><strong>tae,</strong></span> <span class='ocrx_word' id='word_1_101' title='bbox 121 917 142 945; x_wconf 88' lang='lat' dir='ltr'><strong>ea</strong></span> <span class='ocrx_word' id='word_1_102' title='bbox 150 905 248 958; x_wconf 78' lang='lat' dir='ltr'>praecipue</span> <span class='ocrx_word' id='word_1_103' title='bbox 258 905 375 952; x_wconf 67' lang='lat' dir='ltr'><strong>suntnorata</strong></span> <span class='ocrx_word' id='word_1_104' title='bbox 384 917 430 955; x_wconf 89' lang='lat' dir='ltr'><strong>quae</strong></span> <span class='ocrx_word' id='word_1_105' title='bbox 439 918 473 945; x_wconf 89' lang='lat' dir='ltr'><strong>nos</strong></span> <span class='ocrx_word' id='word_1_106' title='bbox 483 907 505 946; x_wconf 87' lang='lat' dir='ltr'><strong>de</strong></span> <span class='ocrx_word' id='word_1_107' title='bbox 510 905 629 958; x_wconf 86' lang='lat' dir='ltr'><strong>prouidentia</strong></span> <span class='ocrx_word' id='word_1_108' title='bbox 639 906 668 946; x_wconf 76' lang='lat' dir='ltr'><strong>di·‘</strong></span> 
     </span>
     <span class='ocr_line' id='line_1_14' title="bbox 68 962 667 1019; baseline 0.005 -13"><span class='ocrx_word' id='word_1_109' title='bbox 68 967 112 1006; x_wconf 83' lang='lat' dir='ltr'><strong>uina</strong></span> <span class='ocrx_word' id='word_1_110' title='bbox 130 968 208 1007; x_wconf 81' lang='lat' dir='ltr'><strong>reddant</strong></span> <span class='ocrx_word' id='word_1_111' title='bbox 225 975 297 1018; x_wconf 79' lang='lat' dir='ltr'><strong>certos,</strong></span> <span class='ocrx_word' id='word_1_112' title='bbox 325 980 371 1016; x_wconf 88' lang='lat' dir='ltr'><strong>quae</strong></span> <span class='ocrx_word' id='word_1_113' title='bbox 388 967 478 1008; x_wconf 88' lang='lat' dir='ltr'><strong>vitiorum</strong></span> <span class='ocrx_word' id='word_1_114' title='bbox 495 968 630 1019; x_wconf 79' lang='lat' dir='ltr'><strong>turpitudinem</strong></span> <span class='ocrx_word' id='word_1_115' title='bbox 647 962 667 1009; x_wconf 84' lang='lat' dir='ltr'><strong>et</strong></span> 
     </span>
     <span class='ocr_line' id='line_1_15' title="bbox 68 1027 668 1084; baseline 0.002 -16"><span class='ocrx_word' id='word_1_116' title='bbox 68 1030 116 1069; x_wconf 87' lang='lat' dir='ltr'><strong>mala</strong></span> <span class='ocrx_word' id='word_1_117' title='bbox 125 1041 167 1068; x_wconf 83' lang='lat' dir='ltr'><strong>cunt</strong></span> <span class='ocrx_word' id='word_1_118' title='bbox 180 1028 217 1068; x_wconf 88' lang='lat' dir='ltr'><strong>illis</strong></span> <span class='ocrx_word' id='word_1_119' title='bbox 233 1027 331 1068; x_wconf 71' lang='lat' dir='ltr'><strong>coniuntia</strong></span> <span class='ocrx_word' id='word_1_120' title='bbox 344 1036 362 1067; x_wconf 92' lang='lat' dir='ltr'><strong>et</strong></span> <span class='ocrx_word' id='word_1_121' title='bbox 373 1027 465 1068; x_wconf 84' lang='lat' dir='ltr'><strong>virtutum</strong></span> <span class='ocrx_word' id='word_1_122' title='bbox 477 1029 634 1084; x_wconf 86' lang='lat' dir='ltr'><strong>pulchritudinem</strong></span> <span class='ocrx_word' id='word_1_123' title='bbox 648 1039 668 1070; x_wconf 90' lang='lat' dir='ltr'><strong>et</strong></span> 
     </span>
     <span class='ocr_line' id='line_1_16' title="bbox 68 1089 668 1141; baseline 0.003 -12"><span class='ocrx_word' id='word_1_124' title='bbox 68 1102 189 1140; x_wconf 80' lang='lat' dir='ltr'><strong>quaecunque</strong></span> <span class='ocrx_word' id='word_1_125' title='bbox 198 1090 269 1128; x_wconf 79' lang='lat' dir='ltr'><strong>axillis</strong></span> <span class='ocrx_word' id='word_1_126' title='bbox 278 1090 365 1141; x_wconf 84' lang='lat' dir='ltr'><strong>speranda</strong></span> <span class='ocrx_word' id='word_1_127' title='bbox 377 1089 427 1128; x_wconf 89' lang='lat' dir='ltr'><strong>bona</strong></span> <span class='ocrx_word' id='word_1_128' title='bbox 440 1091 497 1129; x_wconf 85' lang='lat' dir='ltr'><strong>variis</strong></span> <span class='ocrx_word' id='word_1_129' title='bbox 510 1091 601 1141; x_wconf 82' lang='lat' dir='ltr'><strong>exemplis</strong></span> <span class='ocrx_word' id='word_1_130' title='bbox 612 1091 668 1131; x_wconf 91' lang='lat' dir='ltr'><strong>nobis</strong></span> 
     </span>
     <span class='ocr_line' id='line_1_17' title="bbox 67 1149 668 1205; baseline 0 -14"><span class='ocrx_word' id='word_1_131' title='bbox 67 1159 139 1205; x_wconf 88' lang='lat' dir='ltr'><strong>ponant</strong></span> <span class='ocrx_word' id='word_1_132' title='bbox 148 1158 190 1190; x_wconf 89' lang='lat' dir='ltr'><strong>ante</strong></span> <span class='ocrx_word' id='word_1_133' title='bbox 196 1149 273 1202; x_wconf 84' lang='lat' dir='ltr'><strong>oculos;</strong></span> <span class='ocrx_word' id='word_1_134' title='bbox 284 1149 464 1203; x_wconf 87' lang='lat' dir='ltr'><strong>praeceptamoralia</strong></span> <span class='ocrx_word' id='word_1_135' title='bbox 472 1150 492 1189; x_wconf 92' lang='lat' dir='ltr'><strong>in</strong></span> <span class='ocrx_word' id='word_1_136' title='bbox 499 1150 668 1198; x_wconf 83' lang='lat' dir='ltr'><strong>adhortationibus,</strong></span> 
     </span>
     <span class='ocr_line' id='line_1_18' title="bbox 68 1211 669 1260; baseline 0 -6"><span class='ocrx_word' id='word_1_137' title='bbox 68 1212 263 1259; x_wconf 83' lang='lat' dir='ltr'><strong>comminationibus,</strong></span> <span class='ocrx_word' id='word_1_138' title='bbox 286 1211 455 1260; x_wconf 80' lang='lat' dir='ltr'><strong>consolationibus,</strong></span> <span class='ocrx_word' id='word_1_139' title='bbox 473 1212 567 1252; x_wconf 81' lang='lat' dir='ltr'><strong>sententiis</strong></span> <span class='ocrx_word' id='word_1_140' title='bbox 581 1212 669 1254; x_wconf 86' lang='lat' dir='ltr'><strong>virorum</strong></span> 
     </span>
     <span class='ocr_line' id='line_1_19' title="bbox 68 1273 670 1327; baseline 0.002 -12"><span class='ocrx_word' id='word_1_141' title='bbox 68 1275 190 1327; x_wconf 79' lang='lat' dir='ltr'><strong>sapientium,</strong></span> <span class='ocrx_word' id='word_1_142' title='bbox 207 1273 281 1314; x_wconf 86' lang='lat' dir='ltr'><strong>canticis</strong></span> <span class='ocrx_word' id='word_1_143' title='bbox 292 1281 311 1313; x_wconf 91' lang='lat' dir='ltr'><strong>et</strong></span> <span class='ocrx_word' id='word_1_144' title='bbox 320 1273 412 1325; x_wconf 88' lang='lat' dir='ltr'><strong>parabolis</strong></span> <span class='ocrx_word' id='word_1_145' title='bbox 422 1273 480 1312; x_wconf 77' lang='lat' dir='ltr'><strong>niodo</strong></span> <span class='ocrx_word' id='word_1_146' title='bbox 493 1274 547 1313; x_wconf 79' lang='lat' dir='ltr'><strong>ualde</strong></span> <span class='ocrx_word' id='word_1_147' title='bbox 561 1275 612 1313; x_wconf 89' lang='lat' dir='ltr'><strong>claro</strong></span> <span class='ocrx_word' id='word_1_148' title='bbox 624 1288 670 1327; x_wconf 87' lang='lat' dir='ltr'><strong>pro-</strong></span> 
     </span>
     <span class='ocr_line' id='line_1_20' title="bbox 68 1335 670 1390; baseline 0.002 -15"><span class='ocrx_word' id='word_1_149' title='bbox 68 1344 170 1390; x_wconf 83' lang='lat' dir='ltr'><strong>ponuntur.</strong></span> <span class='ocrx_word' id='word_1_150' title='bbox 202 1338 242 1387; x_wconf 91' lang='lat' dir='ltr'><strong>Ipse</strong></span> <span class='ocrx_word' id='word_1_151' title='bbox 250 1337 310 1374; x_wconf 88' lang='lat' dir='ltr'><strong>cultus</strong></span> <span class='ocrx_word' id='word_1_152' title='bbox 320 1335 358 1374; x_wconf 87' lang='lat' dir='ltr'><strong>Dei</strong></span> <span class='ocrx_word' id='word_1_153' title='bbox 367 1341 455 1373; x_wconf 82' lang='lat' dir='ltr'><strong>externus</strong></span> <span class='ocrx_word' id='word_1_154' title='bbox 467 1348 510 1373; x_wconf 88' lang='lat' dir='ltr'><strong>cum</strong></span> <span class='ocrx_word' id='word_1_155' title='bbox 519 1335 636 1375; x_wconf 80' lang='lat' dir='ltr'><strong>caerimoniis</strong></span> <span class='ocrx_word' id='word_1_156' title='bbox 648 1336 670 1376; x_wconf 86' lang='lat' dir='ltr'><strong>in</strong></span> 
     </span>
     <span class='ocr_line' id='line_1_21' title="bbox 69 1395 671 1449; baseline 0 -11"><span class='ocrx_word' id='word_1_157' title='bbox 69 1411 94 1438; x_wconf 88' lang='lat' dir='ltr'><strong>eo</strong></span> <span class='ocrx_word' id='word_1_158' title='bbox 103 1397 234 1443; x_wconf 70' lang='lat' dir='ltr'><strong>obseruatus,</strong></span> <span class='ocrx_word' id='word_1_159' title='bbox 248 1396 279 1447; x_wconf 85' lang='lat' dir='ltr'><strong>qui</strong></span> <span class='ocrx_word' id='word_1_160' title='bbox 289 1396 429 1448; x_wconf 80' lang='lat' dir='ltr'><strong>praescribitur,</strong></span> <span class='ocrx_word' id='word_1_161' title='bbox 445 1408 468 1435; x_wconf 90' lang='lat' dir='ltr'><strong>eo</strong></span> <span class='ocrx_word' id='word_1_162' title='bbox 476 1403 547 1436; x_wconf 87' lang='lat' dir='ltr'><strong>tantum</strong></span> <span class='ocrx_word' id='word_1_163' title='bbox 555 1395 634 1449; x_wconf 76' lang='lat' dir='ltr'><strong>spetiat,</strong></span> <span class='ocrx_word' id='word_1_164' title='bbox 648 1405 671 1438; x_wconf 90' lang='lat' dir='ltr'><strong>vt</strong></span> 
     </span>
     <span class='ocr_line' id='line_1_22' title="bbox 69 1457 671 1511; baseline -0.002 -12"><span class='ocrx_word' id='word_1_165' title='bbox 69 1459 94 1500; x_wconf 89' lang='lat' dir='ltr'><strong>ad</strong></span> <span class='ocrx_word' id='word_1_166' title='bbox 103 1472 159 1499; x_wconf 86' lang='lat' dir='ltr'><strong>verae</strong></span> <span class='ocrx_word' id='word_1_167' title='bbox 167 1458 262 1511; x_wconf 78' lang='lat' dir='ltr'><strong>religionis</strong></span> <span class='ocrx_word' id='word_1_168' title='bbox 274 1457 356 1498; x_wconf 89' lang='lat' dir='ltr'><strong>studium</strong></span> <span class='ocrx_word' id='word_1_169' title='bbox 369 1470 392 1496; x_wconf 87' lang='lat' dir='ltr'><strong>eo</strong></span> <span class='ocrx_word' id='word_1_170' title='bbox 407 1457 466 1509; x_wconf 84' lang='lat' dir='ltr'><strong>magis</strong></span> <span class='ocrx_word' id='word_1_171' title='bbox 479 1459 569 1498; x_wconf 84' lang='lat' dir='ltr'><strong>ducantur</strong></span> <span class='ocrx_word' id='word_1_172' title='bbox 582 1457 671 1500; x_wconf 84' lang='lat' dir='ltr'><strong>homines</strong></span> 
     </span>
     <span class='ocr_line' id='line_1_23' title="bbox 70 1518 558 1571; baseline -0.004 -10"><span class='ocrx_word' id='word_1_173' title='bbox 70 1529 89 1561; x_wconf 88' lang='lat' dir='ltr'><strong>et</strong></span> <span class='ocrx_word' id='word_1_174' title='bbox 98 1521 118 1561; x_wconf 89' lang='lat' dir='ltr'><strong>in</strong></span> <span class='ocrx_word' id='word_1_175' title='bbox 127 1534 161 1567; x_wconf 79' lang='lat' dir='ltr'><strong>eo,</strong></span> <span class='ocrx_word' id='word_1_176' title='bbox 177 1527 265 1571; x_wconf 88' lang='lat' dir='ltr'><strong>quantum</strong></span> <span class='ocrx_word' id='word_1_177' title='bbox 276 1520 316 1559; x_wconf 85' lang='lat' dir='ltr'><strong>fieri</strong></span> <span class='ocrx_word' id='word_1_178' title='bbox 329 1518 402 1571; x_wconf 79' lang='lat' dir='ltr'><strong>potest,</strong></span> <span class='ocrx_word' id='word_1_179' title='bbox 418 1520 558 1565; x_wconf 80' lang='lat' dir='ltr'><strong>confirmentur.</strong></span> 
     </span>
    </p>
   </div>
   <div class='ocr_carea' id='block_1_3' title="bbox 102 1598 673 1951">
    <p class='ocr_par' dir='ltr' id='par_1_3' title="bbox 102 1598 673 1951">
     <span class='ocr_line' id='line_1_24' title="bbox 102 1598 672 1659; baseline -0.007 -18"><span class='ocrx_word' id='word_1_180' title='bbox 102 1601 161 1659; x_wconf 82' lang='lat' dir='ltr'><strong>Quod</strong></span> <span class='ocrx_word' id='word_1_181' title='bbox 172 1613 204 1653; x_wconf 86' lang='lat' dir='ltr'><strong>ea,</strong></span> <span class='ocrx_word' id='word_1_182' title='bbox 219 1611 265 1649; x_wconf 88' lang='lat' dir='ltr'><strong>quae</strong></span> <span class='ocrx_word' id='word_1_183' title='bbox 274 1598 292 1639; x_wconf 91' lang='lat' dir='ltr'><strong>in</strong></span> <span class='ocrx_word' id='word_1_184' title='bbox 300 1598 353 1638; x_wconf 89' lang='lat' dir='ltr'><strong>libris</strong></span> <span class='ocrx_word' id='word_1_185' title='bbox 361 1599 386 1641; x_wconf 91' lang='lat' dir='ltr'><strong>V.</strong></span> <span class='ocrx_word' id='word_1_186' title='bbox 395 1599 421 1638; x_wconf 85' lang='grc' dir='ltr'><strong>Τ.</strong></span> <span class='ocrx_word' id='word_1_187' title='bbox 430 1600 452 1637; x_wconf 87' lang='lat' dir='ltr'><strong>de</strong></span> <span class='ocrx_word' id='word_1_188' title='bbox 466 1599 523 1638; x_wconf 85' lang='lat' dir='ltr'><strong>rebus</strong></span> <span class='ocrx_word' id='word_1_189' title='bbox 538 1599 615 1640; x_wconf 87' lang='lat' dir='ltr'><strong>aliarum</strong></span> <span class='ocrx_word' id='word_1_190' title='bbox 627 1611 672 1651; x_wconf 81' lang='lat' dir='ltr'><strong>gen·</strong></span> 
     </span>
     <span class='ocr_line' id='line_1_25' title="bbox 131 1659 671 1714; baseline -0.013 -11"><span class='ocrx_word' id='word_1_191' title='bbox 131 1662 179 1703; x_wconf 85' lang='lat' dir='ltr'><strong>tium</strong></span> <span class='ocrx_word' id='word_1_192' title='bbox 188 1668 327 1712; x_wconf 83' lang='lat' dir='ltr'><strong>memorantur,</strong></span> <span class='ocrx_word' id='word_1_193' title='bbox 342 1673 384 1699; x_wconf 87' lang='lat' dir='ltr'><strong>cum</strong></span> <span class='ocrx_word' id='word_1_194' title='bbox 394 1659 469 1699; x_wconf 87' lang='lat' dir='ltr'><strong>historia</strong></span> <span class='ocrx_word' id='word_1_195' title='bbox 477 1660 546 1714; x_wconf 87' lang='lat' dir='ltr'><strong>prisca,</strong></span> <span class='ocrx_word' id='word_1_196' title='bbox 562 1674 617 1711; x_wconf 88' lang='lat' dir='ltr'><strong>quarn</strong></span> <span class='ocrx_word' id='word_1_197' title='bbox 624 1660 671 1699; x_wconf 85' lang='lat' dir='ltr'><strong>scri.</strong></span> 
     </span>
     <span class='ocr_line' id='line_1_26' title="bbox 133 1721 673 1778; baseline -0.006 -15"><span class='ocrx_word' id='word_1_198' title='bbox 133 1724 220 1778; x_wconf 88' lang='lat' dir='ltr'><strong>ptoribus</strong></span> <span class='ocrx_word' id='word_1_199' title='bbox 229 1723 330 1775; x_wconf 83' lang='lat' dir='ltr'><strong>gentilibus</strong></span> <span class='ocrx_word' id='word_1_200' title='bbox 343 1723 445 1769; x_wconf 77' lang='lat' dir='ltr'><strong>debemus,</strong></span> <span class='ocrx_word' id='word_1_201' title='bbox 464 1721 484 1760; x_wconf 92' lang='lat' dir='ltr'><strong>in</strong></span> <span class='ocrx_word' id='word_1_202' title='bbox 498 1722 582 1774; x_wconf 89' lang='lat' dir='ltr'><strong>plurimis</strong></span> <span class='ocrx_word' id='word_1_203' title='bbox 597 1723 673 1760; x_wconf 86' lang='lat' dir='ltr'><strong>consen-</strong></span> 
     </span>
     <span class='ocr_line' id='line_1_27' title="bbox 133 1782 673 1832; baseline -0.004 -6"><span class='ocrx_word' id='word_1_204' title='bbox 133 1786 192 1832; x_wconf 76' lang='lat' dir='ltr'><strong>tiant,</strong></span> <span class='ocrx_word' id='word_1_205' title='bbox 204 1782 253 1824; x_wconf 86' lang='lat' dir='ltr'><strong>inter</strong></span> <span class='ocrx_word' id='word_1_206' title='bbox 263 1784 309 1823; x_wconf 88' lang='lat' dir='ltr'><strong>alios</strong></span> <span class='ocrx_word' id='word_1_207' title='bbox 319 1782 439 1822; x_wconf 86' lang='lat' dir='ltr'><strong>ostenderunt</strong></span> <span class='ocrx_word' id='word_1_208' title='bbox 447 1795 640 1824; x_wconf 73' lang='lat' dir='ltr'><strong>scravcnroauvs</strong></span> <span class='ocrx_word' id='word_1_209' title='bbox 653 1790 673 1824; x_wconf 89' lang='lat' dir='ltr'><strong>et</strong></span> 
     </span>
     <span class='ocr_line' id='line_1_28' title="bbox 132 1842 673 1898; baseline -0.006 -11"><span class='ocrx_word' id='word_1_210' title='bbox 132 1859 271 1889; x_wconf 74' lang='lat' dir='ltr'><strong>rainanvx.</strong></span> <span class='ocrx_word' id='word_1_211' title='bbox 286 1845 390 1885; x_wconf 89' lang='lat' dir='ltr'><strong>Librorum</strong></span> <span class='ocrx_word' id='word_1_212' title='bbox 402 1846 428 1884; x_wconf 84' lang='lat' dir='ltr'><strong>N.</strong></span> <span class='ocrx_word' id='word_1_213' title='bbox 440 1842 469 1887; x_wconf 88' lang='lat' dir='ltr'><strong>T.</strong></span> <span class='ocrx_word' id='word_1_214' title='bbox 483 1843 539 1884; x_wconf 78' lang='lat' dir='ltr'><strong>fidem</strong></span> <span class='ocrx_word' id='word_1_215' title='bbox 552 1844 606 1887; x_wconf 78' lang='lat' dir='ltr'><strong>simili</strong></span> <span class='ocrx_word' id='word_1_216' title='bbox 618 1843 673 1898; x_wconf 67' lang='lat' dir='ltr'><strong>stabi7</strong></span> 
     </span>
     <span class='ocr_line' id='line_1_29' title="bbox 132 1907 435 1951; baseline -0.007 -1"><span class='ocrx_word' id='word_1_217' title='bbox 132 1908 177 1951; x_wconf 87' lang='lat' dir='ltr'><strong>liuit</strong></span> <span class='ocrx_word' id='word_1_218' title='bbox 187 1907 260 1948; x_wconf 87' lang='lat' dir='ltr'><strong>ratione</strong></span> <span class='ocrx_word' id='word_1_219' title='bbox 273 1918 435 1948; x_wconf 73' lang='lat' dir='ltr'><strong>nnanuravs.</strong></span> 
     </span>
    </p>
   </div>
   <div class='ocr_carea' id='block_1_4' title="bbox 317 1984 436 2047">
    <p class='ocr_par' dir='ltr' id='par_1_4' title="bbox 317 1984 436 2047">
     <span class='ocr_line' id='line_1_30' title="bbox 317 1984 436 2047; baseline 0.025 -20"><span class='ocrx_word' id='word_1_220' title='bbox 317 1985 334 2047; x_wconf 65' lang='lat' dir='ltr'><strong>a.</strong></span> <span class='ocrx_word' id='word_1_221' title='bbox 364 1984 436 2030; x_wconf 79' lang='lat' dir='ltr'><strong>Lvru.</strong></span> 
     </span>
    </p>
   </div>
   <div class='ocr_carea' id='block_1_5' title="bbox 37 2067 676 2354">
    <p class='ocr_par' dir='ltr' id='par_1_5' title="bbox 76 2067 676 2310">
     <span class='ocr_line' id='line_1_31' title="bbox 133 2067 674 2125; baseline 0 -17"><span class='ocrx_word' id='word_1_222' title='bbox 133 2069 230 2125; x_wconf 82' lang='lat' dir='ltr'><strong>Quoniam</strong></span> <span class='ocrx_word' id='word_1_223' title='bbox 239 2075 301 2110; x_wconf 86' lang='lat' dir='ltr'><strong>autern</strong></span> <span class='ocrx_word' id='word_1_224' title='bbox 308 2068 328 2108; x_wconf 90' lang='lat' dir='ltr'><strong>in</strong></span> <span class='ocrx_word' id='word_1_225' title='bbox 336 2067 365 2107; x_wconf 90' lang='lat' dir='ltr'><strong>his</strong></span> <span class='ocrx_word' id='word_1_226' title='bbox 373 2067 426 2109; x_wconf 82' lang='lat' dir='ltr'><strong>libris</strong></span> <span class='ocrx_word' id='word_1_227' title='bbox 435 2069 492 2108; x_wconf 84' lang='lat' dir='ltr'><strong>multa</strong></span> <span class='ocrx_word' id='word_1_228' title='bbox 499 2068 587 2120; x_wconf 84' lang='lat' dir='ltr'><strong>leguntur</strong></span> <span class='ocrx_word' id='word_1_229' title='bbox 597 2068 620 2107; x_wconf 88' lang='lat' dir='ltr'><strong>de</strong></span> <span class='ocrx_word' id='word_1_230' title='bbox 629 2080 674 2108; x_wconf 84' lang='lat' dir='ltr'><strong>vera</strong></span> 
     </span>
     <span class='ocr_line' id='line_1_32' title="bbox 62 2129 673 2185; baseline -0.01 -10.859"><span class='ocrx_word' id='word_1_231' title='bbox 62 2129 166 2185; x_wconf 84' lang='lat' dir='ltr'><strong>religione</strong></span> <span class='ocrx_word' id='word_1_232' title='bbox 180 2132 255 2171; x_wconf 88' lang='lat' dir='ltr'><strong>diuerso</strong></span> <span class='ocrx_word' id='word_1_233' title='bbox 268 2139 353 2184; x_wconf 86' lang='lat' dir='ltr'><strong>ternpore</strong></span> <span class='ocrx_word' id='word_1_234' title='bbox 367 2130 390 2170; x_wconf 87' lang='lat' dir='ltr'><strong>ab</strong></span> <span class='ocrx_word' id='word_1_235' title='bbox 403 2131 442 2183; x_wconf 89' lang='lat' dir='ltr'><strong>ipso</strong></span> <span class='ocrx_word' id='word_1_236' title='bbox 455 2130 501 2171; x_wconf 91' lang='lat' dir='ltr'><strong>Deo</strong></span> <span class='ocrx_word' id='word_1_237' title='bbox 515 2130 600 2183; x_wconf 81' lang='lat' dir='ltr'><strong>singulari</strong></span> <span class='ocrx_word' id='word_1_238' title='bbox 616 2131 673 2169; x_wconf 86' lang='lat' dir='ltr'><strong>modo</strong></span> 
     </span>
     <span class='ocr_line' id='line_1_33' title="bbox 77 2163 675 2251; baseline -0.008 -17"><span class='ocrx_word' id='word_1_239' title='bbox 77 2163 142 2234; x_wconf 71' lang='lat' dir='ltr'><strong>conilit</strong></span> <span class='ocrx_word' id='word_1_240' title='bbox 135 2200 184 2245; x_wconf 82' lang='lat' dir='ltr'><strong>tuta,</strong></span> <span class='ocrx_word' id='word_1_241' title='bbox 201 2192 224 2231; x_wconf 91' lang='lat' dir='ltr'><strong>de</strong></span> <span class='ocrx_word' id='word_1_242' title='bbox 233 2192 387 2243; x_wconf 80' lang='lat' dir='ltr'><strong>quorumreritat</strong></span> <span class='ocrx_word' id='word_1_243' title='bbox 388 2204 398 2231; x_wconf 92' lang='lat' dir='ltr'><strong>e</strong></span> <span class='ocrx_word' id='word_1_244' title='bbox 406 2192 461 2244; x_wconf 81' lang='lat' dir='ltr'><strong>script</strong></span> <span class='ocrx_word' id='word_1_245' title='bbox 462 2204 518 2231; x_wconf 89' lang='lat' dir='ltr'><strong>orum</strong></span> <span class='ocrx_word' id='word_1_246' title='bbox 529 2191 613 2251; x_wconf 80' lang='lat' dir='ltr'><strong>horum</strong></span> <span class='ocrx_word' id='word_1_247' title='bbox 607 2205 625 2230; x_wconf 84' lang='lat' dir='ltr'><strong>in</strong></span> <span class='ocrx_word' id='word_1_248' title='bbox 635 2191 675 2230; x_wconf 84' lang='lat' dir='ltr'><strong>aliis</strong></span> 
     </span>
     <span class='ocr_line' id='line_1_34' title="bbox 37 2225 676 2310; baseline -0.007 -14.733"><span class='ocrx_word' id='word_1_249' title='bbox 37 2255 145 2310; x_wconf 85' lang='lat' dir='ltr'><strong>probat</strong></span> <span class='ocrx_word' id='word_1_250' title='bbox 146 2268 156 2295; x_wconf 89' lang='lat' dir='ltr'><strong>a</strong></span> <span class='ocrx_word' id='word_1_251' title='bbox 138 2225 235 2296; x_wconf 83' lang='lat' dir='ltr'><strong>tstircerit</strong></span> <span class='ocrx_word' id='word_1_252' title='bbox 228 2261 255 2295; x_wconf 87' lang='lat' dir='ltr'><strong>tas</strong></span> <span class='ocrx_word' id='word_1_253' title='bbox 265 2265 300 2296; x_wconf 88' lang='lat' dir='ltr'><strong>nos</strong></span> <span class='ocrx_word' id='word_1_254' title='bbox 310 2254 394 2296; x_wconf 87' lang='lat' dir='ltr'><strong>dubitare</strong></span> <span class='ocrx_word' id='word_1_255' title='bbox 402 2267 440 2295; x_wconf 92' lang='lat' dir='ltr'><strong>non</strong></span> <span class='ocrx_word' id='word_1_256' title='bbox 445 2254 527 2309; x_wconf 81' lang='lat' dir='ltr'><strong>patitur,</strong></span> <span class='ocrx_word' id='word_1_257' title='bbox 542 2244 630 2306; x_wconf 74' lang='lat' dir='ltr'><strong>quodiam</strong></span> <span class='ocrx_word' id='word_1_258' title='bbox 640 2251 676 2291; x_wconf 90' lang='lat' dir='ltr'><strong>ho-</strong></span> 
     </span>
    </p>

    <p class='ocr_par' dir='ltr' id='par_1_6' title="bbox 632 2325 675 2354">
     <span class='ocr_line' id='line_1_35' title="bbox 632 2325 675 2354; baseline 0 0"><span class='ocrx_word' id='word_1_259' title='bbox 632 2325 675 2354; x_wconf 85' lang='lat' dir='ltr'><strong>rum</strong></span> 
     </span>
    </p>
   </div>
   <div class='ocr_carea' id='block_1_6' title="bbox 0 0 867 2774">
    <p class='ocr_par' dir='ltr' id='par_1_7' title="bbox 0 0 867 2774">
     <span class='ocr_line' id='line_1_36' title="bbox 0 0 867 2774; baseline 0 0"><span class='ocrx_word' id='word_1_260' title='bbox 0 0 867 2774; x_wconf 95' lang='lat' dir='ltr'><strong> </strong></span> 
     </span>
    </p>
   </div>
  </div>
 </body>
</html>
