1702 2774
161 180 185 216 le
391 174 502 217 CAPVT
533 178 550 214 1.

193 277 225 318 De
234 275 338 330 gentilismo
346 280 432 314 ueterum
441 278 553 328 populorum
563 277 661 329 praecipue
675 287 717 314 uos
724 287 757 316 srr

227 335 336 397 Theologia
342 335 426 396 gentiiis
435 346 454 377 es
463 350 523 378 BAN}
529 350 541 375 E
547 350 572 376 RI
582 336 712 397 Myrszplpgz'gr
721 340 757 390 gal.

223 402 259 441 lice
268 400 335 452 scripta
345 400 391 439 etin
399 400 480 451 linguam
491 411 565 449 quoque
579 402 703 451 germanicam
716 415 758 439 ver·

224 465 243 501 sa
257 462 381 501 consulantur.
413 459 531 511 Religionem
545 461 632 512 gentilem
647 462 756 501 hodiernam

224 522 281 561 variis
290 522 309 560 in
319 522 427 576 regionibns
438 521 536 576 probatam
551 523 641 572 quaedam
653 523 759 567 describunt

215 583 325 631 itineraria.

401 663 417 723 p.
449 662 521 708 arm.

222 743 302 804 Religio
312 742 410 788 hodierna
419 741 518 792 ercrica3
534 758 580 795 quae
590 753 672 785 auerere
687 745 706 786 in
716 747 763 786 rnul-

164 808 188 849 tis
207 808 278 855 alifien,
304 806 419 864 Christiana
440 815 462 849 et²
480 804 656 851 allarlammedena
673 808 692 847 in
712 808 761 852 hoe:

165 886 222 912 unum
242 885 306 914 uenam
326 872 391 915 Deum
412 872 511 911 colendum
533 872 581 918 esse,
607 871 723 911 consentiunt
743 878 762 911 et

166 937 255 984 quaedam
275 936 309 974 alia
328 947 352 973 ex
376 932 467 987 religione
488 931 568 972 naturali
589 935 671 973 adsrnnta
694 934 763 973 habent

166 997 285 1047 cornmunia3
306 997 372 1049 ingens
392 1003 466 1041 lenaeo,
488 995 500 1034 sr
519 996 542 1034 ad
562 1009 624 1035 earum
644 996 764 1035 autoritatem

121 1067 123 1070 ’
165 1067 184 1097 er
199 1059 297 1098 utilitatem
309 1058 406 1110 respicias,
422 1057 523 1098 interillos
536 1056 561 1096 est
574 1058 677 1106 discrimen,
713 1057 765 1097 Vna·

166 1133 249 1170 quaeque
259 1133 335 1166 earum,
351 1121 379 1159 vti
392 1119 545 1172 regentilismns,
562 1119 582 1158 in
595 1120 675 1159 diuersas
690 1119 766 1173 religio·

167 1195 199 1221 nes
208 1182 326 1233 particulares
335 1182 370 1220 srue
382 1180 437 1221 sellas
447 1181 575 1233 distinguitur3
593 1181 637 1221 hine
649 1182 681 1229 fir,
700 1188 722 1220 vt
734 1195 766 1221 ua·

167 1243 236 1282 riarum
247 1243 372 1295 religionum,
388 1256 434 1292 quae
447 1243 466 1281 in
477 1243 523 1281 orbe
537 1250 627 1282 terrarum
641 1250 659 1282 et
673 1242 718 1281 olim
731 1245 766 1281 fio-

167 1312 245 1344 rneruut
255 1313 273 1343 er
282 1318 331 1359 nunc
341 1304 446 1343 dominium
453 1305 506 1342 suum
516 1311 613 1352 exercent,
630 1316 717 1342 numerus
728 1296 767 1343 nori

167 1366 221 1405 facile
230 1365 282 1417 possit
291 1365 373 1406 definirit
389 1365 421 1414 qui
433 1367 489 1417 louge
502 1364 561 1402 adhue
574 1366 594 1403 fit
608 1364 678 1412 maior,
698 1365 708 1402 sr
721 1362 767 1406 reli-

165 1426 247 1485 gionem
253 1426 361 1482 prietatem
369 1427 405 1465 srue
415 1427 541 1478 fingulorum,
557 1422 671 1484 areligr'oua
676 1422 767 1481 publicu,

169 1501 224 1538 quau]
234 1491 295 1539 plnres
305 1487 430 1540 profitentur,
441 1487 570 1530 discernamus,
601 1488 651 1526 Fieri
666 1488 721 1527 etiam
735 1489 767 1527 ali-

169 1558 198 1591 ter
206 1563 243 1588 non
253 1550 324 1601 potest,
341 1563 396 1600 quam
405 1559 426 1589 ut
435 1548 533 1595 homineS,
549 1549 593 1588 ficut
606 1549 624 1587 in
635 1549 727 1600 plerisque
738 1563 767 1589 re·

168 1611 216 1657 bus,
230 1612 253 1649 sre
262 1613 317 1651 etiam
325 1612 344 1650 in
354 1611 456 1663 religione,
472 1610 566 1649 sententiis
576 1611 612 1649 suis
622 1612 673 1661 saepe
687 1624 697 1649 a
711 1613 728 1649 se
740 1611 767 1650 in-

168 1672 230 1712 uicem
241 1673 350 1723 discrepent.
380 1674 462 1711 Eandem
472 1672 498 1710 ob
508 1673 579 1710 causam
588 1685 682 1720 nunquam
692 1672 718 1710 est
728 1674 768 1722 spe-

167 1734 258 1781 randum,
283 1734 371 1783 quicquid
388 1734 443 1774 etiam
461 1732 637 1779 dicant‘nonnnni,
657 1732 767 1785 religionem

167 1802 241 1833 tantum
255 1808 311 1835 uuam
327 1798 346 1837 in
363 1803 404 1836 toto
421 1804 513 1835 terrarum
526 1794 572 1833 orbe
585 1797 648 1834 locum
663 1794 699 1833 esse
717 1794 767 1833 habi·

168 1864 236 1901 turam.
719 1871 721 1873 ·

390 1889 432 1978 p.
463 1917 516 1960 mr.

175 2018 178 2021 >
231 2001 270 2057 Qui
279 2003 309 2041 uel
318 2001 383 2040 Deum
392 2002 445 2054 plane
459 1999 556 2053 ignorant,
570 1998 599 2039 vti
612 2000 711 2039 nonnullae
724 2012 768 2054 geu·

169 2072 197 2104 ter
207 2064 305 2111 barbarae,
322 2067 352 2103 vel
363 2077 406 2103 eum
415 2075 453 2103 non
463 2062 497 2102 esse
507 2062 538 2102 fibi
552 2063 673 2115 persuadent,
688 2076 725 2113 quo
740 2077 768 2103 er-

169 2141 213 2167 rore
227 2124 292 2168 Allo*
306 2124 409 2169 theoretici
423 2127 465 2165 sunt
482 2125 559 2176 nabori,
582 2122 613 2165 uei
632 2125 767 2178 prouidentiam

170 2191 209 2229 eius
218 2190 315 2234 relicinae,
328 2190 347 2227 id
357 2190 407 2240 quod
416 2188 487 2238 iaciunt
496 2185 588 2240 Daniele,
605 2191 634 2227 vel
646 2188 697 2228 viriis
710 2187 768 2226 dediti

169 2265 235 2305 parom
246 2259 316 2297 curans,
321 2252 364 2300 quid
374 2253 447 2290 summo
456 2249 535 2289 debeant
544 2249 629 2298 Numini,
638 2263 684 2300 quos
691 2247 769 2292 Atheos

164 2312 268 2375 praliicos
281 2321 361 2364 vocant,
380 2314 471 2368 religione
483 2312 558 2367 proprie
571 2313 595 2352 lie
609 2312 656 2352 dicia
669 2312 769 2352 destituun-

733 2384 770 2417 tur.
816 2399 818 2401 v
