1702 2774
187 166 228 230 136
308 176 311 181 ’
388 178 582 215 οΑΡνΤνίΙ.

192 377 194 380 ,
264 335 315 394 Quia
323 336 372 378 nulla
384 273 451 380 disesia
463 336 570 382 creationis
579 335 700 399 angelorum
712 338 788 385 aurose

189 398 237 439 faeta
246 399 272 438 est
281 401 359 448 mentio,
376 400 413 441 iarn
421 403 467 442 olim
476 402 498 442 de
507 408 604 453 tempore,
621 414 659 452 qno
667 402 738 442 conditi
746 400 786 449 sint,

189 473 227 501 non
235 463 300 503 eadem
311 463 399 504 omnibus
406 464 442 505 fuit
451 463 550 512 sententia;
566 464 678 504 etiamnunc
687 464 706 504 in
716 463 794 504 diuersa

187 524 298 577 plerumque
307 526 383 576 abeunt,
400 527 485 578 quihanc
494 525 707 578 trallantquaestionem.
730 525 789 566 Haud

185 586 241 637 pauci
249 600 272 629 ex
282 589 367 628 ecclesiae
375 589 457 640 patribus
465 598 528 629 ortum
541 592 649 643 angelorum
663 588 728 629 mundi
738 595 789 628 nata·

185 649 214 687 les
227 650 284 703 longe
298 649 407 691 antecessisse
419 652 462 688 sunt
474 652 509 689 rati
513 667 520 701 3
540 652 580 691 aliis
594 665 642 693 vero
656 651 730 704 prirn03
746 646 787 689 aliis

186 718 250 751 autem
258 711 338 751 secundo
348 709 494 757 creationem,
504 724 537 749 eos
547 712 640 764 originem
650 714 716 765 cepisse
723 713 748 753 est
758 711 787 752 vi-

183 773 233 815 sum.
262 774 345 812 Fuerunt
353 771 432 822 denique
440 771 478 811 iarn
485 771 584 825 Augustini
593 786 641 812 aeuo
650 775 737 824 quidam,
753 772 786 822 qui

185 834 268 888 deinum,
274 834 325 874 finita
330 833 388 874 totius
393 834 536 878 mundirisrbilis
545 835 646 882 creatione,
653 838 729 888 angelos
738 834 787 873 diui·

186 909 221 936 nae
227 897 321 949 potentiae
326 896 345 936 ui
352 895 552 948 prodiisseadsere‘rent.
561 897 646 947 Plerique
652 898 708 937 hodie
717 898 786 947 ample·

186 957 263 998 &untur
271 958 388 1004 sententiam,
394 970 428 1007 qua
434 961 542 1010 angelorum
549 959 618 997 creatio
628 960 689 1010 primo
699 961 729 999 die
737 956 786 1000 saeta

185 1020 222 1059 else
230 1020 312 1071 ponitur,
322 1032 376 1069 quarn
385 1021 494 1058 confirmare
505 1020 578 1060 student
588 1019 630 1059 lobi
642 1024 785 1068 xxxvffl‚'4‚

185 1093 205 1137 7.
211 1081 244 1121 vbi
254 1081 286 1120 lilii
292 1081 329 1120 Dei
338 1080 711 1133 i.eangclicreatoremsuumcelebrasse
720 1081 785 1121 dicun.

184 1150 227 1195 tur,
243 1156 285 1182 cum
298 1151 346 1182 terra
358 1143 467 1183 fundaretur
478 1143 491 1186 i.
505 1157 521 1186 e.
534 1144 615 1182 secundo
629 1143 659 1182 die
673 1141 784 1194 creationis;

183 1206 234 1244 rende
247 1213 328 1257 cogunt,
351 1217 384 1243 eos
396 1204 433 1245 iam
445 1212 498 1245 antea
512 1204 564 1244 inisse
577 1212 596 1244 et
609 1205 671 1257 primo
684 1203 783 1244 creationis

185 1267 216 1307 die
224 1267 303 1319 coepisse
313 1266 404 1308 exsistere,
434 1267 471 1306 Sed
481 1267 523 1317 quia
531 1266 618 1305 hiclocus
629 1265 685 1305 ctiam
692 1266 744 1306 aliter
750 1278 783 1305 ex·

183 1328 248 1381 plicari
262 1327 332 1380 potest,
348 1328 377 1379 vti
390 1329 475 1366 nonnulli
491 1325 589 1373 lecerunt,
604 1340 647 1366 cuin
657 1340 695 1366 non
706 1328 747 1367 satis
753 1328 783 1366 fir·

183 1387 655 1440 nrumhuiussententiaepraesidiumesseputamus.
687 1388 783 1445 Quoniam

183 1452 325 1501 etiamreliquae
335 1450 432 1502 opiniones
441 1450 473 1489 hic
482 1458 596 1489 memoratae
609 1463 648 1489 non
661 1451 703 1489 sunt
715 1449 783 1504 proba-

183 1514 271 1560 biliores,
286 1525 326 1552 rein
335 1512 354 1550 in
363 1511 426 1550 medio
435 1512 563 1562 relinquimus,

211 1593 298 1634 Pluribus
312 1592 334 1631 dc
352 1591 453 1634 creatione
466 1589 585 1651 cingulorum
598 1591 636 1644 agit
649 1604 781 1633 senoricus

240 1656 260 1695 in
270 1653 317 1697 otiis
328 1650 443 1711 theologicis
451 1655 504 1695 Libr.
518 1653 551 1695 lll.
569 1653 746 1700 exercitationem,
762 1667 781 1705 p,

231 1716 287 1768 ‘479
303 1717 353 1765 seqq.
369 1711 448 1757 Confer.
464 1715 553 1756 etiamad
566 1715 700 1768 paragraphum
708 1727 782 1768 praece-

240 1780 316 1819 dentem
324 1777 396 1817 laudata
406 1790 507 1819 corsae
516 1773 691 1835 Diffirtprioruo
702 1773 780 1837 aragolis

240 1854 260 1894 a·
269 1852 289 1896 13
303 1841 354 1890 ssu·

413 1918 433 1976 q.
465 1919 551 1964 curin.

248 2000 320 2059 Quaeri
332 2013 407 2051 quoque
422 2002 487 2048 solet„
509 2010 580 2042 otium
593 2012 621 2043 aa
636 1995 662 2041 eli
674 1997 726 2041 tueri
736 1996 780 2055 stur
825 2041 827 2044 ,

173 2059 273 2119 spiritus,
292 2076 319 2104 on
332 2075 378 2103 oero
387 2075 470 2118 corporo
478 2058 576 2121 prendunt,
589 2012 665 2117 saliem
680 2057 777 2113 ultiliori,

178 2121 299 2183 garruletur?
313 2124 352 2181 Qui
361 2125 412 2176 prius
422 2132 493 2171 tenent,
505 2125 713 2177 praecipueprouocant
723 2124 746 2162 ad
756 2136 778 2161 ea

179 2186 285 2238 scripturae
303 2187 316 2228 s
338 2188 391 2232 loca,
415 2185 434 2224 in
448 2186 515 2235 quibus
527 2184 588 2237 angeli
603 2184 689 2225 dicuntur
703 2183 778 2237 spiritns

178 2247 307 2296 Matth.)(11,
322 2260 353 2302 43.
366 2246 427 2287 Hebr.
436 2246 453 2293 l,
470 2261 500 2300 14;
517 2246 549 2295 qui
558 2253 619 2286 autern
631 2245 721 2298 posterius
734 2256 778 2296 pro-

177 2309 234 2359 bant,
249 2309 318 2364 partini
329 2308 368 2348 aliis
379 2309 479 2363 scripturae
488 2310 502 2352 s.
511 2316 587 2349 utuntur
595 2308 652 2361 locis,
669 2320 715 2358 quae
729 2304 777 2346 indi-

736 2379 777 2406 care
