1702 2774
200 166 239 215 ¹14
418 159 530 195 carta*
565 146 606 192 vti
655 151 656 154 ’

203 262 251 305 nihil
259 256 318 313 potest
326 254 376 302 fieri,
392 256 443 295 nnlla
452 256 508 309 igitur
517 254 611 307 potentiae
625 253 699 294 diuinae
707 254 733 293 fit
750 255 803 296 dimi·

204 324 268 371 nntio,
282 320 306 366 si,
321 318 371 368 quod
380 316 399 356 in
412 319 430 356 se
442 318 468 357 est
481 314 603 369 impoffibttq
619 316 802 357 'illinesnbtrahatur

205 382 303 425 exercitio.
335 379 385 436 Quia
394 379 447 419 Dens
454 378 482 418 est
490 378 589 418 omniscius
597 384 619 416 et
631 379 762 431 omnipotens,
777 378 803 418 est

204 446 259 486 etiarn
274 438 463 499 omnipraesensstt.
474 445 565 492 XXXV.)
583 439 610 481 Ps.
620 447 729 487 cxxxix,
745 452 803 493 7-12.

202 510 240 549 Ier.
249 513 322 551 xxm,
337 516 372 555 24.
386 502 428 545 Aer.
438 510 501 548 XVII,
516 515 547 555 27.
561 508 591 551 28.
622 499 668 540 Non
681 511 743 542 antem
758 514 802 556 eon·

201 568 246 608 sistit
254 562 421 623 o'tnnt'pra'efientia
429 561 528 605 dininnin
538 563 615 613 quadam
627 573 702 603 naturae
718 563 757 601 eius
769 574 802 601 ex-

162 638 163 641 ’
202 630 297 675 tensione,
314 639 349 675 qna
361 633 421 663 totum
433 626 510 674 impleat
522 624 640 670 vninersum‚
654 624 709 676 {qnod
724 624 751 663 ob
761 621 802 661 fim-

202 691 306 745 plicitatem
319 686 359 724 eius
372 684 413 721 fieri
426 684 498 732 nequit.
534 684 673 736 Descriptiones
688 698 734 738 ergo
747 697 802 735 qnae-

203 754 247 791 dam
256 748 310 788 huius
324 744 499 796 omnipraesentiae‚
518 744 586 793 qnibn‘s
600 746 694 786 interdum
708 747 801 798 Scriptura

202 814 216 855 s.
225 811 291 855 vritur,
308 819 354 858 quae
364 805 456 845 eiusmodi
464 805 508 856 qnid
518 806 595 845 innuere
604 806 698 854 videntur,
712 809 754 845 sont
762 815 803 845 tan-

201 883 243 912 tnm
252 872 349 924 populares
357 875 376 907 et
384 880 407 906 eo
416 868 475 906 modo
487 867 647 919 interpretandae,
666 875 688 908 vt
701 867 747 907 nihil
761 866 801 908 aliis

202 931 346 987 proprietatibus
355 929 423 968 diuinis
432 928 545 967 contrarium
558 939 643 980 ponatur.

233 1012 353 1053 Tribnnntnr
364 1009 438 1060 quidem
447 1009 493 1048 Deo
501 1008 520 1047 in
531 1008 624 1059 Scriptura
633 1010 645 1047 s.
654 1006 738 1063 afficias
747 1022 766 1050 v.
780 1021 799 1062 g,

260 1074 296 1121 ita,
310 1071 383 1116 odium,
399 1072 446 1121 spes,
460 1077 520 1108 metns
534 1069 591 1108 etalii
601 1071 670 1119 plnres,
686 1083 725 1109 non
737 1077 799 1109 tamen

260 1132 349 1187 proprie,
367 1132 399 1171 sed
411 1130 520 1183 improprie.
556 1130 667 1183 Explicandi
681 1139 743 1171 antem
756 1134 798 1171 snnt

259 1191 353 1250 affiffns,
378 1193 444 1243 quibus
461 1193 513 1231 Dens
532 1193 650 1231 commoneri
666 1193 744 1238 dicitnr,
764 1196 799 1245 pe't

261 1252 352 1311 effetitmt
362 1261 381 1293 et
388 1254 460 1292 ratione
469 1255 534 1293 Deum
544 1254 627 1302 decente,
643 1262 664 1293 vt
673 1255 734 1293 omnis
741 1254 764 1293 ab
774 1267 798 1293 eo

257 1323 378 1357 remoueatur
385 1312 509 1365 imperfeffio,
535 1315 614 1355 Confer.
627 1327 680 1357 SAL.
697 1324 798 1356 otnssn

257 1373 374 1435 philologia
377 1373 442 1430 sacen
454 1388 496 1428 pag.
506 1388 556 1429 1550.
568 1377 618 1425 seqq.

429 1454 448 1509 §-
476 1455 565 1497 cxxnr.

256 1536 325 1578 Dinidi
334 1537 381 1576 solet
391 1531 485 1577 noluntas
492 1531 564 1576 diuino
573 1533 590 1590 r)
599 1534 618 1573 in
626 1531 741 1591 absolutam,
752 1550 795 1578 enm

194 1604 233 1642 sme
249 1601 301 1640 cansa
323 1596 432 1638 intermedia
451 1596 499 1649 agit,
521 1604 540 1635 et
558 1592 735 1645 conditionem,
751 1602 795 1649 'qna

196 1664 256 1703 vtitnr
270 1660 325 1700 canfis
336 1657 461 1704 intermediis5
481 1659 505 1711 α)
518 1659 540 1706 in
550 1653 709 1706 antecedentem,
726 1672 761 1709 qna
774 1660 794 1699 in

187 1737 264 1778 *genere
274 1734 330 1761 omne
340 1722 380 1759 vnit
389 1720 468 1765 bonnm,
478 1726 497 1758 et
504 1718 524 1757 in
532 1714 685 1776 consequentem,
701 1728 794 1771 qnae'non

192 1787 226 1826 nisi
235 1784 281 1824 boni
295 1784 314 1821 in
324 1781 375 1821 omni
384 1793 447 1820 rerum
454 1793 504 1820 nexu
514 1780 621 1819 confiderati
629 1782 722 1821 rationem
730 1782 792 1833 habet,

193 1860 242 1898 qnae
251 1843 343 1898 posterior
352 1842 377 1882 est
385 1844 416 1881 vel
425 1838 550 1897 approbans,
566 1854 613 1891 quae
628 1841 676 1883 circa
688 1843 720 1890 id,
740 1844 792 1893 qnod

191 1905 321 1949 interereunt
332 1904 369 1950 est,
385 1905 478 1949 versatur,
492 1903 659 1958 velpet'inz'ttens,
675 1917 722 1954 quae
734 1904 790 1945 etiam

193 1971 281 2021 quaedam
290 1966 351 2006 minus
359 1962 409 2004 retra
418 1964 443 2003 ob
456 1964 590 2017 sapientissimas
603 1966 664 2004 causas
680 1978 718 2004 non
730 1965 789 2018 impe.

192 2032 229 2078 dit,
246 2044 283 2082 qno
290 2028 352 2069 minos
359 2028 413 2077 fiant3
430 2030 451 2077 3)
461 2025 480 2065 in
490 2038 600 2072 arcanam,
614 2038 660 2075 qnae
668 2027 691 2066 ad
699 2023 753 2066 nobis
760 2028 788 2067 in·

192 2093 265 2144 cognita
273 2093 346 2131 decreta
357 2088 419 2127 diuina
427 2088 514 2136 refertur,
529 2095 548 2127 et
561 2085 680 2137 retentam,
697 2102 742 2139 qnae
757 2089 788 2128 de.

190 2154 288 2193 claratione
299 2164 377 2197 eornm,
394 2162 440 2199 qnae
448 2149 486 2189 fieri
500 2149 533 2189 fibi
542 2151 612 2200 placeat
620 2152 649 2189 vel
663 2152 786 2201 quorundam,

134 2233 136 2237 ·
189 2229 236 2267 qnae
250 2212 311 2255 fntnra
323 2213 367 2260 sint,
387 2219 419 2251 ant
431 2224 465 2265 per
478 2211 570 2251 rationem
586 2220 617 2251 ant
630 2226 663 2266 per
672 2213 787 2265 Scriptnram

186 2281 257 2321 sacrant
265 2273 321 2321 tana,
337 2272 412 2317 constat,

710 2333 783 2374 Distin.
