1702 2774
167 135 214 209 ¹'nn
233 132 423 187 seniorunt
443 129 560 184 sacua.
637 147 673 199 59

72 254 103 295 ta,
118 258 191 287 caecam
200 245 237 285 suis
248 246 430 298 interpretationibus
439 247 531 301 postulant
543 242 599 285 fidem
611 251 670 296 atque

71 310 118 348 alios
136 308 156 346 in
168 308 231 347 multis
246 310 317 348 sensum
330 308 401 347 eiurare
415 322 532 349 communem
549 308 626 359 iubeut3
645 313 671 358 2)

71 369 104 418 qui
113 368 132 406 in
141 369 209 408 cortice
223 369 261 409 cius
275 371 350 409 haerent
364 371 382 408 e't
395 371 481 409 nucleum
494 370 603 424 negligunt,
622 370 670 410 dnm

71 429 130 483 magis
140 431 162 469 de
172 432 245 478 verbis,
262 444 316 484 quam
326 432 348 469 de
357 430 420 476 rebus,
434 431 457 469 tle
469 432 606 480 quaestionibus
613 445 668 486 argu·

71 491 106 540 tis,
123 505 177 542 quam
187 494 210 532 de
221 491 308 532 nourinis
318 491 478 544 praestantioribus
488 499 506 531 et
515 493 536 530 ue
545 494 630 534 historica
638 507 669 534 re-

71 566 113 593 rum
123 554 166 592 fidei
175 554 290 607 cognitione,
300 566 355 603 numu
366 554 496 594 emendatione
510 553 570 605 vilae,
584 569 670 607 peream

70 616 196 667 procuranda,
211 617 252 654 stiur
260 616 344 663 fisllicitij
360 615 381 669 3)
393 616 424 666 qni
433 615 509 669 ingenio
520 617 554 655 suo
569 616 624 656 nimis
635 619 667 657 in.

71 677 168 729 dulgentes
177 679 235 716 multa
244 677 301 716 inilia
310 684 400 727 oluerunt
410 684 428 717 et
437 677 536 716 inueniunt
544 676 631 730 mysteria
640 681 669 731 at·{

70 751 107 787 que
116 738 139 776 de
147 738 203 777 rebus
212 738 279 778 futuris
289 739 385 786 vaticinia,
402 740 424 777 de
438 738 504 789 qulbus
517 738 609 790 interpres
622 753 667 792 puu-

70 801 111 838 luur
120 800 177 839 modo
187 799 250 838 declus
255 813 278 839 ne
287 801 306 838 in
315 800 388 839 somnio
396 799 470 849 quidem
478 799 584 852 cogitasset3
598 799 625 856 4)
635 801 668 851 qui

70 861 110 900 eius
120 861 237 900 autoritatem
251 861 318 901 canturi
330 862 418 901 austeram
433 870 452 901 et
463 860 532 901 tristem
545 861 595 900 virae
610 863 668 901 ratio·

69 935 126 968 nem,
138 922 234 962 monachis
243 923 351 975 probatam,
367 930 453 970 tanquam
463 922 549 962 omnibus
557 922 597 962 Dei
606 921 668 962 culto-

69 983 122 1022 ribus
136 984 252 1024 necefl'nriam
266 993 285 1023 ct
297 984 370 1023 unicam
384 985 407 1023 ael
418 986 466 1024 coeli
482 984 549 1036 gaudia
561 984 612 1024 uiam
626 985 667 1025 aliis

70 1045 211 1096 commendant5
226 1046 246 1102 ς)
256 1045 287 1095 qui
298 1058 337 1083 enm
346 1058 385 1083 non
393 1047 452 1084 solum
467 1046 633 1085 controuersiarum
643 1048 666 1085 de

68 1105 171 1157 religione,
187 1107 206 1144 in
214 1119 251 1155 quo
260 1106 334 1154 quidem
344 1117 381 1143 nou
391 1107 486 1150 falluntur,
499 1106 530 1143 sed
540 1106 595 1145 etiam
605 1107 666 1159 dispu-

68 1166 162 1205 tationum
177 1166 199 1204 de
213 1165 356 1218 philosophicis,
383 1166 467 1217 inprimis
484 1165 539 1204 etiam
551 1166 634 1219 'physicis
647 1175 667 1207 et

68 1226 196 1266 astronomicis
210 1241 230 1266 ac
242 1227 282 1267 aliis
294 1227 361 1276 rebus,
384 1226 403 1265 in
417 1226 484 1276 quibus
496 1226 571 1267 scientia
585 1230 668 1268 uersatur

67 1288 159 1334 humana,
172 1290 277 1340 supremum
286 1286 395 1327 voluntesse
405 1288 497 1339 iudiccru3
518 1288 539 1340 ὁ)
553 1288 584 1338 qui
598 1302 622 1328 ex
636 1290 668 1330 illa

68 1349 165 1389 materiam
181 1357 200 1396 et
214 1352 274 1390 causas
286 1350 361 1388 sumunt
375 1349 469 1396 rixarum,
491 1349 633 1390 contentionum
648 1358 668 1391 et

68 1410 141 1457 acerbi,
156 1411 219 1460 quoin
228 1412 284 1457 allon,
301 1409 420 1461 opinionibus
434 1409 543 1460 quibusdem
559 1423 570 1449 a
584 1413 603 1450 se
618 1409 667 1453 diffi-

28 1507 33 1512 ,
68 1473 140 1517 denter,
156 1472 272 1511 concitantur
281 1471 327 1517 odii,
343 1483 367 1509 ex
379 1484 415 1521 quo
426 1473 487 1512 uariae
496 1471 624 1513 innocentium
634 1486 667 1513 ve·

67 1533 165 1579 nationes,
178 1534 259 1573 crudelia
267 1531 321 1578 fatte,
337 1532 376 1571 imo
386 1542 461 1573 cruenta
470 1532 564 1572 interdum
574 1541 615 1574 orta
624 1536 667 1575 sunt

67 1595 116 1633 bella
125 1594 250 1651 (ΜΝ.)
281 1595 327 1632 Non
341 1596 389 1633 male
401 1608 411 1633 a
421 1595 500 1644 quodam
510 1594 604 1648 Scriptura
616 1598 666 1636 sacra

69 1663 187 1706 comparatur
196 1657 270 1701 baculo,
288 1667 325 1703 otro
334 1655 353 1693 in
361 1655 427 1693 itincre
436 1657 459 1695 ari
469 1656 526 1694 vitani
536 1662 628 1696 ueternum
639 1657 666 1696 vri

67 1713 167 1769 pellimus,
184 1729 238 1765 quem
246 1728 293 1755 uero
306 1715 390 1768 theologi
405 1716 489 1755 nonnulli
500 1716 599 1757 aulnbemt
612 1718 665 1758 adse

67 1778 148 1817 inuicem
156 1778 287 1829 percutiendos
291 1807 298 1825 ,
312 1778 436 1816 vulnerandos
450 1784 468 1816 et
476 1777 619 1817 interficiendos.

98 1877 175 1918 Confer.
185 1890 261 1917 erem
274 1887 365 1916 zouNll
374 1872 489 1918 Deliuenaio
502 1873 620 1934 Tbeulegr'ne
625 1890 666 1933 pau·

129 1936 227 1988 tristitae,
238 1933 350 1992 secrnrdrrnz
362 1933 453 1978 ordinere
465 1933 554 1979 locorum
566 1936 666 1997 theologi-

129 2012 200 2040 corum
221 1996 336 2044 adornato,
359 2010 411 2041 Ion.
439 2009 578 2040 orrnnnrer
601 2014 666 2040 curu.

129 2073 227 2100 careni
240 2059 312 2115 Tempe
320 2056 421 2100 anecdotis
426 2056 501 2114 ssrcrr's,
516 2061 665 2117 H‘u'laf21758.8.

129 2121 183 2160 editis
192 2123 270 2167 inserta,
283 2122 302 2160 in
313 2120 363 2159 cuius
372 2120 451 2160 settione
461 2120 523 2170 quinte
538 2137 556 2175 p.
566 2136 613 2174 290,
621 2136 664 2174 291,

68 2194 71 2197 ’
129 2183 189 2234 agitur
200 2183 223 2221 de
231 2191 315 2222 ueterum
325 2181 471 2222 Christianorum
480 2183 525 2223 sacri
534 2184 605 2223 codicis
613 2185 663 2222 cultu

73 2259 77 2289 t
127 2243 338 2296 veroettupersriuoso,

561 2323 663 2366 CAPVT
