1702 2774
92 171 125 207 Du
147 170 203 206 IESV
221 165 355 209 cHRts'ro,
373 160 515 202 HOMINVM
525 162 570 199 etc.
587 166 623 212 191

84 279 156 321 poena,
172 277 227 315 quam
237 261 263 301 ob
273 269 345 312 peccata
354 258 461 299 hominibus
475 257 553 313 infligit,
571 259 625 301 iutel-

84 327 179 380 ligeudum
191 322 233 365 effe.
256 321 360 378 -Quoniam
368 332 430 361 autem
440 321 523 363 Christus
537 323 625 362 describi·

85 397 126 434 tur,
141 396 162 426 vt
171 386 247 427 vistima
260 381 405 435 pruhumiuum
417 383 496 433 pcccatis
508 385 552 424 Deo
562 385 625 425 oblata

85 464 94 491 1
105 450 154 490 Petri
163 449 188 498 lt,
203 462 235 502 24.
251 445 312 485 Hebr·
324 453 360 489 lx,
376 455 402 497 13.
414 457 443 498 14.
460 458 476 488 c.
487 449 516 492 Χ,
529 455 627 499 12.14.Vt

86 512 192 564 piaculum,
207 521 244 557 quo
253 505 339 547 homiues
352 506 398 544 Deo
410 505 443 544 smt
452 509 517 556 pucati
531 510 588 549 Rom.
599 510 626 556 V,

40 567 42 576 ’
86 586 115 614 10.
132 572 199 612 2C0r.
208 569 233 622 V,
251 572 282 614 18.
295 579 303 606 ι
314 564 352 607 loh.
363 566 387 617 H,
400 580 418 607 2.
433 573 452 605 et
465 579 516 606 mors
529 571 568 610 eius
581 584 626 610 cou-

55 640 59 655 ³
86 634 174 672 sideratur
182 637 204 670 vt
212 630 264 669 causa
273 628 338 668 veniae
352 624 484 681 peccatorum,
499 628 606 672 homiuibus
614 646 626 673 a

85 692 130 733 Deo
139 693 236 745 sperandae
243 691 309 742 Ephes.
319 691 335 735 Ι,
350 705 369 743 7.
386 692 428 731 Col.
440 692 455 739 1,
470 704 498 745 14.
512 693 544 731 'alii
553 702 625 745 putant,

85 753 239 801 satisfadionem,
254 765 309 802 quam
318 750 402 791 Christus
415 752 517 804 praestitit,
534 769 572 794 non
586 756 626 806 qui.

85 818 128 856 dem
141 816 202 869 rigido
215 816 266 854 seusu
280 814 315 870 effe
328 815 447 865 sumendam3
466 815 497 852 sed
510 822 571 856 tameu
584 831 626 869 per.

85 878 175 931 pesfiones
190 885 208 917 et
222 884 314 921 mortem,
328 887 372 924 quas
384 884 461 926 propter
473 875 571 917 homiuum
583 892 627 930 pec.

86 947 126 979 eata
136 939 224 992 pertulit,
241 935 337 976 vidimam
350 933 404 976 fuisse
416 937 462 991 Deo
475 947 546 986 gratam
560 948 578 979 et
591 953 627 989 qua

85 1002 150 1048 Deus³
167 1009 253 1051 tauquam
263 1000 359 1050 supremus
372 998 469 1038 homiuum
481 1000 549 1047 iudex,
569 1003 627 1043 suerit

86 1070 196 1109 contentus,
211 1071 233 1101 vt
242 1069 319 1114 propter
326 1061 376 1099 iliam
385 1060 503 1109 homiuibus,
518 1063 541 1102 ad
551 1063 626 1116 frugem

85 1125 205 1164 redeuntibus
222 1130 241 1162 et
257 1123 279 1161 ad
299 1121 367 1161 Christi
383 1122 492 1175 praescripta
509 1125 626 1175 viuenubus,

85 1194 162 1238 peecata
170 1185 276 1224 condonare
285 1183 341 1226 velit:
355 1197 410 1234 quam
422 1185 530 1224 sementiam
544 1189 626 1228 maxime

85 1247 184 1286 exornauit
200 1258 313 1286 euuxivs
335 1245 355 1284 iu
374 1243 425 1286 libro
449 1242 472 1287 de
486 1243 628 1304 fittitfuffione

87 1306 172 1362 Christi,
191 1308 254 1359 quiin
269 1308 354 1358 Operum
368 1304 407 1347 eius
421 1309 487 1348 Tomo
501 1310 552 1350 tho
567 1313 627 1353 exstat

85 1378 104 1409 et
113 1370 144 1420 qui
154 1370 208 1409 etiam
219 1381 262 1409 cum
275 1369 403 1409 additamentis
417 1384 547 1412 macutum
567 1387 627 1414 Lax-

85 1432 257 1487 011Halae1730.
271 1446 292 1480 4.
306 1431 381 1483 prodiit.
412 1430 453 1472 Alii
466 1445 498 1481 ea,
517 1447 563 1484 quae
576 1438 627 1489 Apo.

85 1493 127 1531 stoli
136 1494 158 1531 de
168 1493 233 1532 mortis
243 1491 314 1531 Christi
324 1492 416 1533 fundibus
425 1506 541 1543 memorant,
559 1497 581 1536 de
593 1499 627 1539 do.

85 1553 142 1594 {trina
155 1554 205 1602 eius,
221 1562 284 1594 morte
297 1553 320 1595 ab
332 1553 375 1607 ipso
387 1557 506 1604 confirmata,
527 1560 627 1615 praecipue

84 1619 147 1656 valere
157 1616 275 1658 arbitrantur,
307 1615 345 1655 Illis
353 1630 393 1656 rem
401 1618 455 1658 fuisse
469 1631 512 1658 cum
521 1622 593 1674 Iudaeis
608 1635 627 1667 et

85 1676 198 1731 gentilibus,
218 1677 249 1727 qui
262 1676 353 1717 sacrificiis
365 1679 388 1717 ad
399 1687 475 1730 peecata
489 1682 521 1722 sua
535 1685 626 1737 expianda

85 1747 193 1791 merentum
217 1739 306 1789 quoniam
322 1747 384 1780 autem
396 1740 480 1782 murina
493 1747 584 1799 euangelii
597 1763 626 1790 ra.

85 1801 156 1841 tionem
165 1800 231 1851 uadit,
243 1800 323 1842 'veniam
332 1812 451 1853 peccatorum
460 1817 470 1842 a
479 1805 525 1845 Deo
537 1808 573 1847 fine
582 1812 626 1853 vltis

84 1863 177 1904 sacrificiis
186 1862 308 1914 Impetraudi,
323 1871 342 1902 et
353 1872 414 1903 morte
425 1865 493 1906 Christi
502 1868 570 1909 foedus
583 1885 625 1925 gra.

84 1925 132 1972 uae,
148 1925 198 1976 quod
207 1937 249 1963 eum
258 1923 366 1965 homiuibus
375 1928 430 1966 Deus
441 1928 492 1980 feeit,
507 1930 625 1984 obstguatum

84 1988 186 2037 eademque
194 1995 255 2025 morte
264 1984 350 2026 effetum
360 1987 398 2036 est,
419 1998 440 2029 xt
453 1990 507 2029 latius
521 1993 625 2049 diuulgati-e.

32 2068 34 2070 ·
84 2045 221 2101 tuapromissio
233 2049 324 2102 euangelii
338 2050 361 2088 de
375 2050 432 2102 gratia
444 2051 517 2100 diuina,
535 2059 626 2102 omuibus

84 2110 192 2151 hominibus
205 2109 238 2149 suh
253 2111 309 2150 c'ertis
323 2112 461 2153 conditionibus
473 2116 578 2169 iargienda:
598 2125 625 2164 sat

84 2183 149 2224 graues
162 2171 257 2225 Apostolis
270 2172 323 2212 uide
339 2175 411 2221 causas,
436 2176 459 2214 de
472 2185 533 2218 morte
548 2181 624 2232 Christi,

84 2241 170 2283 tauquam
185 2232 260 2275 vifflma
274 2234 389 2287 expiatoria,
412 2249 448 2288 qua
461 2241 524 2281 omnia
535 2244 623 2288 sacrificia

68 2295 112 2336 ‚sint
124 2295 202 2345 sublata,
215 2298 316 2349 loquendi,
331 2297 351 2339 id
365 2299 414 2351 quod
429 2302 525 2344 eominus
539 2301 576 2347 effe
589 2308 624 2349 mi·

580 2382 623 2411 rali-
