<?xml version="1.0" encoding="UTF-8"?>
<!DOCTYPE html PUBLIC "-//W3C//DTD XHTML 1.0 Transitional//EN"
    "http://www.w3.org/TR/xhtml1/DTD/xhtml1-transitional.dtd">
<html xmlns="http://www.w3.org/1999/xhtml" xml:lang="en" lang="en">
 <head>
  <title>
</title>
<meta http-equiv="Content-Type" content="text/html;charset=utf-8" />
  <meta name='ocr-system' content='tesseract 3.04.00' />
  <meta name='ocr-capabilities' content='ocr_page ocr_carea ocr_par ocr_line ocrx_word'/>
</head>
<body>
  <div class='ocr_page' id='page_1' title='image "MN40378ucmf_1_0195.png"; bbox 0 0 1702 2774; ppageno 0'>
   <div class='ocr_carea' id='block_1_1' title="bbox 118 140 686 189">
    <p class='ocr_par' dir='ltr' id='par_1_1' title="bbox 118 140 686 189">
     <span class='ocr_line' id='line_1_1' title="bbox 118 140 686 189; baseline -0.011 -10"><span class='ocrx_word' id='word_1_1' title='bbox 118 141 152 179; x_wconf 86' lang='lat' dir='ltr'>DE</span> <span class='ocrx_word' id='word_1_2' title='bbox 171 140 356 187; x_wconf 77' lang='lat' dir='ltr'><strong>PROVIDENTIA</strong></span> <span class='ocrx_word' id='word_1_3' title='bbox 372 142 411 179; x_wconf 83' lang='lat' dir='ltr'>ET</span> <span class='ocrx_word' id='word_1_4' title='bbox 427 140 567 178; x_wconf 77' lang='lat' dir='ltr'>DECRETls</span> <span class='ocrx_word' id='word_1_5' title='bbox 582 141 634 176; x_wconf 81' lang='lat' dir='ltr'>DEI.</span> <span class='ocrx_word' id='word_1_6' title='bbox 652 143 686 189; x_wconf 71' lang='grc' dir='ltr'>ῖς]</span> 
     </span>
    </p>
   </div>
   <div class='ocr_carea' id='block_1_2' title="bbox 91 235 691 1089">
    <p class='ocr_par' dir='ltr' id='par_1_2' title="bbox 91 235 691 1089">
     <span class='ocr_line' id='line_1_2' title="bbox 144 235 687 284; baseline 0 -8"><span class='ocrx_word' id='word_1_7' title='bbox 144 240 218 284; x_wconf 87' lang='lat' dir='ltr'>volunt,</span> <span class='ocrx_word' id='word_1_8' title='bbox 227 251 264 276; x_wconf 87' lang='lat' dir='ltr'>non</span> <span class='ocrx_word' id='word_1_9' title='bbox 275 239 393 284; x_wconf 76' lang='lat' dir='ltr'>confiderunt,</span> <span class='ocrx_word' id='word_1_10' title='bbox 403 235 497 279; x_wconf 85' lang='lat' dir='ltr'>decretum</span> <span class='ocrx_word' id='word_1_11' title='bbox 507 238 545 278; x_wconf 78' lang='lat' dir='ltr'>Dei</span> <span class='ocrx_word' id='word_1_12' title='bbox 553 251 592 277; x_wconf 90' lang='lat' dir='ltr'>non</span> <span class='ocrx_word' id='word_1_13' title='bbox 601 237 687 276; x_wconf 77' lang='lat' dir='ltr'>futurum</span> 
     </span>
     <span class='ocr_line' id='line_1_3' title="bbox 144 296 691 349; baseline 0.004 -16"><span class='ocrx_word' id='word_1_14' title='bbox 144 296 180 334; x_wconf 88' lang='lat' dir='ltr'>esse</span> <span class='ocrx_word' id='word_1_15' title='bbox 185 296 340 349; x_wconf 70' lang='lat' dir='ltr'>optenturum,</span> <span class='ocrx_word' id='word_1_16' title='bbox 349 300 386 336; x_wconf 85' lang='lat' dir='ltr'>tiin</span> <span class='ocrx_word' id='word_1_17' title='bbox 396 300 575 338; x_wconf 80' lang='lat' dir='ltr'>eonultahnberetur</span> <span class='ocrx_word' id='word_1_18' title='bbox 580 298 628 337; x_wconf 82' lang='lat' dir='ltr'>ratio</span> <span class='ocrx_word' id='word_1_19' title='bbox 638 297 691 341; x_wconf 59' lang='lat' dir='ltr'>eius,⁴</span> 
     </span>
     <span class='ocr_line' id='line_1_4' title="bbox 144 357 687 410; baseline 0.002 -16"><span class='ocrx_word' id='word_1_20' title='bbox 144 357 168 394; x_wconf 80' lang='lat' dir='ltr'>ad</span> <span class='ocrx_word' id='word_1_21' title='bbox 181 359 224 406; x_wconf 79' lang='lat' dir='ltr'>quid</span> <span class='ocrx_word' id='word_1_22' title='bbox 236 360 310 407; x_wconf 74' lang='lat' dir='ltr'>quaeuis</span> <span class='ocrx_word' id='word_1_23' title='bbox 325 371 354 396; x_wconf 88' lang='lat' dir='ltr'>res</span> <span class='ocrx_word' id='word_1_24' title='bbox 366 365 443 408; x_wconf 77' lang='lat' dir='ltr'>propter</span> <span class='ocrx_word' id='word_1_25' title='bbox 455 359 494 394; x_wconf 76' lang='lat' dir='ltr'>suas</span> <span class='ocrx_word' id='word_1_26' title='bbox 507 361 630 410; x_wconf 72' lang='lat' dir='ltr'>proprietates</span> <span class='ocrx_word' id='word_1_27' title='bbox 644 368 687 408; x_wconf 75' lang='lat' dir='ltr'>apta</span> 
     </span>
     <span class='ocr_line' id='line_1_5' title="bbox 145 417 686 470; baseline 0 -11"><span class='ocrx_word' id='word_1_28' title='bbox 145 417 194 460; x_wconf 72' lang='lat' dir='ltr'>ess&#39;et.</span> <span class='ocrx_word' id='word_1_29' title='bbox 225 420 266 461; x_wconf 74' lang='lat' dir='ltr'>uec</span> <span class='ocrx_word' id='word_1_30' title='bbox 276 419 312 466; x_wconf 83' lang='lat' dir='ltr'>est,</span> <span class='ocrx_word' id='word_1_31' title='bbox 328 419 379 470; x_wconf 88' lang='lat' dir='ltr'>quod</span> <span class='ocrx_word' id='word_1_32' title='bbox 393 424 502 468; x_wconf 73' lang='lat' dir='ltr'>vereantur,</span> <span class='ocrx_word' id='word_1_33' title='bbox 516 432 539 458; x_wconf 83' lang='lat' dir='ltr'>ne</span> <span class='ocrx_word' id='word_1_34' title='bbox 553 421 589 463; x_wconf 86' lang='lat' dir='ltr'>hoo</span> <span class='ocrx_word' id='word_1_35' title='bbox 603 420 662 462; x_wconf 91' lang='lat' dir='ltr'>modo</span> <span class='ocrx_word' id='word_1_36' title='bbox 675 433 686 460; x_wconf 80' lang='lat' dir='ltr'>a</span> 
     </span>
     <span class='ocr_line' id='line_1_6' title="bbox 91 481 685 535; baseline 0.005 -13"><span class='ocrx_word' id='word_1_37' title='bbox 91 481 94 498; x_wconf 65' lang='lat'>&#39;¹</span> <span class='ocrx_word' id='word_1_38' title='bbox 143 482 200 523; x_wconf 82' lang='lat' dir='ltr'>rebus</span> <span class='ocrx_word' id='word_1_39' title='bbox 213 484 294 524; x_wconf 72' lang='lat' dir='ltr'>externis</span> <span class='ocrx_word' id='word_1_40' title='bbox 306 483 354 532; x_wconf 78' lang='lat' dir='ltr'>qunti</span> <span class='ocrx_word' id='word_1_41' title='bbox 368 482 463 533; x_wconf 75' lang='lat' dir='ltr'>suspensus</span> <span class='ocrx_word' id='word_1_42' title='bbox 475 481 495 521; x_wconf 86' lang='lat' dir='ltr'>fit</span> <span class='ocrx_word' id='word_1_43' title='bbox 508 482 571 535; x_wconf 85' lang='lat' dir='ltr'>Deus;</span> <span class='ocrx_word' id='word_1_44' title='bbox 589 500 631 526; x_wconf 76' lang='lat' dir='ltr'>nam</span> <span class='ocrx_word' id='word_1_45' title='bbox 641 497 685 525; x_wconf 87' lang='lat' dir='ltr'>cnm</span> 
     </span>
     <span class='ocr_line' id='line_1_7' title="bbox 143 539 685 596; baseline 0.004 -12"><span class='ocrx_word' id='word_1_46' title='bbox 143 546 216 596; x_wconf 79' lang='lat' dir='ltr'>voluit,</span> <span class='ocrx_word' id='word_1_47' title='bbox 232 554 253 583; x_wconf 87' lang='lat' dir='ltr'>ut</span> <span class='ocrx_word' id='word_1_48' title='bbox 262 557 304 590; x_wconf 79' lang='lat' dir='ltr'>res,</span> <span class='ocrx_word' id='word_1_49' title='bbox 321 557 397 594; x_wconf 78' lang='lat' dir='ltr'>quarum</span> <span class='ocrx_word' id='word_1_50' title='bbox 407 539 501 583; x_wconf 80' lang='lat' dir='ltr'>effentiam</span> <span class='ocrx_word' id='word_1_51' title='bbox 511 552 529 583; x_wconf 84' lang='lat' dir='ltr'>et</span> <span class='ocrx_word' id='word_1_52' title='bbox 539 554 622 586; x_wconf 75' lang='lat' dir='ltr'>naturam</span> <span class='ocrx_word' id='word_1_53' title='bbox 629 548 685 586; x_wconf 82' lang='lat' dir='ltr'>intel·</span> 
     </span>
     <span class='ocr_line' id='line_1_8' title="bbox 143 604 685 657; baseline 0.004 -13"><span class='ocrx_word' id='word_1_54' title='bbox 143 604 192 644; x_wconf 72' lang='lat' dir='ltr'>reon</span> <span class='ocrx_word' id='word_1_55' title='bbox 202 607 235 643; x_wconf 88' lang='lat' dir='ltr'>sno</span> <span class='ocrx_word' id='word_1_56' title='bbox 244 607 317 644; x_wconf 82' lang='lat' dir='ltr'>summo</span> <span class='ocrx_word' id='word_1_57' title='bbox 329 607 366 644; x_wconf 79' lang='lat' dir='ltr'>iam</span> <span class='ocrx_word' id='word_1_58' title='bbox 376 607 399 644; x_wconf 77' lang='lat' dir='ltr'>ab</span> <span class='ocrx_word' id='word_1_59' title='bbox 410 614 485 644; x_wconf 79' lang='lat' dir='ltr'>aeterno</span> <span class='ocrx_word' id='word_1_60' title='bbox 496 606 597 657; x_wconf 78' lang='lat' dir='ltr'>cognouit,</span> <span class='ocrx_word' id='word_1_61' title='bbox 615 608 685 647; x_wconf 76' lang='lat' dir='ltr'>existe·</span> 
     </span>
     <span class='ocr_line' id='line_1_9' title="bbox 144 666 685 714; baseline 0.006 -10"><span class='ocrx_word' id='word_1_62' title='bbox 144 673 196 714; x_wconf 80' lang='lat' dir='ltr'>rent,</span> <span class='ocrx_word' id='word_1_63' title='bbox 213 666 268 705; x_wconf 75' lang='lat' dir='ltr'>etiam</span> <span class='ocrx_word' id='word_1_64' title='bbox 279 667 349 713; x_wconf 86' lang='lat' dir='ltr'>voluit,</span> <span class='ocrx_word' id='word_1_65' title='bbox 362 675 383 705; x_wconf 83' lang='lat' dir='ltr'>nt</span> <span class='ocrx_word' id='word_1_66' title='bbox 392 668 498 705; x_wconf 73' lang='lat' dir='ltr'>haredum</span> <span class='ocrx_word' id='word_1_67' title='bbox 513 667 607 706; x_wconf 75' lang='lat' dir='ltr'>essentiam</span> <span class='ocrx_word' id='word_1_68' title='bbox 622 676 640 707; x_wconf 87' lang='lat' dir='ltr'>et</span> <span class='ocrx_word' id='word_1_69' title='bbox 653 681 685 706; x_wconf 80' lang='lat' dir='ltr'>na·</span> 
     </span>
     <span class='ocr_line' id='line_1_10' title="bbox 143 726 684 777; baseline 0.007 -14"><span class='ocrx_word' id='word_1_70' title='bbox 143 731 204 764; x_wconf 78' lang='lat' dir='ltr'>turam</span> <span class='ocrx_word' id='word_1_71' title='bbox 219 726 309 764; x_wconf 72' lang='lat' dir='ltr'>haberent</span> <span class='ocrx_word' id='word_1_72' title='bbox 323 738 341 765; x_wconf 87' lang='lat' dir='ltr'>et</span> <span class='ocrx_word' id='word_1_73' title='bbox 354 727 386 776; x_wconf 84' lang='lat' dir='ltr'>ipsr</span> <span class='ocrx_word' id='word_1_74' title='bbox 399 729 475 777; x_wconf 75' lang='lat' dir='ltr'>agerent</span> <span class='ocrx_word' id='word_1_75' title='bbox 488 728 627 770; x_wconf 78' lang='lat' dir='ltr'>conuenienter.</span> <span class='ocrx_word' id='word_1_76' title='bbox 664 729 684 767; x_wconf 85' lang='lat' dir='ltr'>Si</span> 
     </span>
     <span class='ocr_line' id='line_1_11' title="bbox 143 782 684 841; baseline 0.006 -16"><span class='ocrx_word' id='word_1_77' title='bbox 143 786 184 837; x_wconf 86' lang='lat' dir='ltr'>quis</span> <span class='ocrx_word' id='word_1_78' title='bbox 194 786 237 826; x_wconf 87' lang='lat' dir='ltr'>ideo</span> <span class='ocrx_word' id='word_1_79' title='bbox 245 788 340 827; x_wconf 84' lang='lat' dir='ltr'>decretum</span> <span class='ocrx_word' id='word_1_80' title='bbox 351 786 390 827; x_wconf 86' lang='lat' dir='ltr'>Dei</span> <span class='ocrx_word' id='word_1_81' title='bbox 399 786 442 826; x_wconf 85' lang='lat' dir='ltr'>dicit</span> <span class='ocrx_word' id='word_1_82' title='bbox 452 782 573 841; x_wconf 70' lang='lat' dir='ltr'>absolutum,</span> <span class='ocrx_word' id='word_1_83' title='bbox 590 788 640 839; x_wconf 83' lang='lat' dir='ltr'>qnod</span> <span class='ocrx_word' id='word_1_84' title='bbox 654 790 684 828; x_wconf 85' lang='lat' dir='ltr'>fir·</span> 
     </span>
     <span class='ocr_line' id='line_1_12' title="bbox 142 850 685 903; baseline 0.004 -13"><span class='ocrx_word' id='word_1_85' title='bbox 142 862 195 892; x_wconf 89' lang='lat' dir='ltr'>mum</span> <span class='ocrx_word' id='word_1_86' title='bbox 209 858 228 891; x_wconf 85' lang='lat' dir='ltr'>et</span> <span class='ocrx_word' id='word_1_87' title='bbox 240 851 356 892; x_wconf 79' lang='lat' dir='ltr'>immutabile</span> <span class='ocrx_word' id='word_1_88' title='bbox 370 850 406 903; x_wconf 83' lang='lat' dir='ltr'>est,</span> <span class='ocrx_word' id='word_1_89' title='bbox 427 863 465 891; x_wconf 92' lang='lat' dir='ltr'>non</span> <span class='ocrx_word' id='word_1_90' title='bbox 483 852 588 903; x_wconf 80' lang='lat' dir='ltr'>expendere</span> <span class='ocrx_word' id='word_1_91' title='bbox 601 852 685 899; x_wconf 82' lang='lat' dir='ltr'>videtur,</span> 
     </span>
     <span class='ocr_line' id='line_1_13' title="bbox 143 912 685 955; baseline 0.006 -4"><span class='ocrx_word' id='word_1_92' title='bbox 143 912 213 954; x_wconf 81' lang='lat' dir='ltr'>decreti</span> <span class='ocrx_word' id='word_1_93' title='bbox 224 915 282 954; x_wconf 89' lang='lat' dir='ltr'>diuini</span> <span class='ocrx_word' id='word_1_94' title='bbox 296 915 414 955; x_wconf 74' lang='lat' dir='ltr'>constantiam</span> <span class='ocrx_word' id='word_1_95' title='bbox 428 927 466 953; x_wconf 89' lang='lat' dir='ltr'>non</span> <span class='ocrx_word' id='word_1_96' title='bbox 480 915 579 954; x_wconf 72' lang='lat' dir='ltr'>excludere</span> <span class='ocrx_word' id='word_1_97' title='bbox 592 915 685 955; x_wconf 85' lang='lat' dir='ltr'>conditio-</span> 
     </span>
     <span class='ocr_line' id='line_1_14' title="bbox 141 977 684 1027; baseline 0.006 -15"><span class='ocrx_word' id='word_1_98' title='bbox 141 987 187 1023; x_wconf 87' lang='lat' dir='ltr'>nes,</span> <span class='ocrx_word' id='word_1_99' title='bbox 208 990 218 1015; x_wconf 81' lang='lat' dir='ltr'>a</span> <span class='ocrx_word' id='word_1_100' title='bbox 234 977 300 1027; x_wconf 82' lang='lat' dir='ltr'>quibus</span> <span class='ocrx_word' id='word_1_101' title='bbox 313 991 376 1016; x_wconf 85' lang='lat' dir='ltr'>rerum</span> <span class='ocrx_word' id='word_1_102' title='bbox 390 977 457 1027; x_wconf 82' lang='lat' dir='ltr'>pendet</span> <span class='ocrx_word' id='word_1_103' title='bbox 470 984 547 1016; x_wconf 86' lang='lat' dir='ltr'>euentus</span> <span class='ocrx_word' id='word_1_104' title='bbox 559 985 578 1016; x_wconf 81' lang='lat' dir='ltr'>et</span> <span class='ocrx_word' id='word_1_105' title='bbox 591 990 646 1026; x_wconf 78' lang='lat' dir='ltr'>quas,</span> <span class='ocrx_word' id='word_1_106' title='bbox 662 985 684 1016; x_wconf 85' lang='lat' dir='ltr'>ut</span> 
     </span>
     <span class='ocr_line' id='line_1_15' title="bbox 142 1036 683 1089; baseline 0.006 -16"><span class='ocrx_word' id='word_1_107' title='bbox 142 1036 259 1083; x_wconf 61' lang='lat' dir='ltr'>certitudo,</span> <span class='ocrx_word' id='word_1_108' title='bbox 274 1039 365 1089; x_wconf 77' lang='lat' dir='ltr'>pineuidit</span> <span class='ocrx_word' id='word_1_109' title='bbox 377 1039 438 1077; x_wconf 83' lang='lat' dir='ltr'>Deus.</span> <span class='ocrx_word' id='word_1_110' title='bbox 470 1037 509 1087; x_wconf 80' lang='lat' dir='ltr'>lui,</span> <span class='ocrx_word' id='word_1_111' title='bbox 527 1038 558 1086; x_wconf 83' lang='lat' dir='ltr'>qui</span> <span class='ocrx_word' id='word_1_112' title='bbox 567 1039 630 1076; x_wconf 89' lang='lat' dir='ltr'>Deum</span> <span class='ocrx_word' id='word_1_113' title='bbox 645 1051 683 1076; x_wconf 88' lang='lat' dir='ltr'>non</span> 
     </span>
    </p>
   </div>
   <div class='ocr_carea' id='block_1_3' title="bbox 142 1094 684 1204">
    <p class='ocr_par' dir='ltr' id='par_1_3' title="bbox 142 1094 684 1204">
     <span class='ocr_line' id='line_1_16' title="bbox 142 1094 684 1154; baseline 0.011 -20"><span class='ocrx_word' id='word_1_114' title='bbox 142 1097 206 1137; x_wconf 79' lang='lat' dir='ltr'>omnia</span> <span class='ocrx_word' id='word_1_115' title='bbox 215 1100 304 1151; x_wconf 77' lang='lat' dir='ltr'>praescire</span> <span class='ocrx_word' id='word_1_116' title='bbox 313 1099 389 1147; x_wconf 87' lang='lat' dir='ltr'>eiusque</span> <span class='ocrx_word' id='word_1_117' title='bbox 400 1094 479 1138; x_wconf 80' lang='lat' dir='ltr'>decreta</span> <span class='ocrx_word' id='word_1_118' title='bbox 492 1106 571 1139; x_wconf 71' lang='lat' dir='ltr'>tornum</span> <span class='ocrx_word' id='word_1_119' title='bbox 577 1096 684 1154; x_wconf 69' lang='lat' dir='ltr'>generalia</span> 
     </span>
     <span class='ocr_line' id='line_1_17' title="bbox 142 1155 684 1204; baseline 0.004 -11"><span class='ocrx_word' id='word_1_120' title='bbox 142 1155 178 1194; x_wconf 84' lang='lat' dir='ltr'>esse</span> <span class='ocrx_word' id='word_1_121' title='bbox 194 1157 319 1202; x_wconf 70' lang='lat' dir='ltr'>arbitrantur,</span> <span class='ocrx_word' id='word_1_122' title='bbox 335 1159 353 1195; x_wconf 89' lang='lat' dir='ltr'>in</span> <span class='ocrx_word' id='word_1_123' title='bbox 367 1157 416 1194; x_wconf 89' lang='lat' dir='ltr'>hunc</span> <span class='ocrx_word' id='word_1_124' title='bbox 428 1169 466 1194; x_wconf 90' lang='lat' dir='ltr'>non</span> <span class='ocrx_word' id='word_1_125' title='bbox 478 1157 581 1195; x_wconf 83' lang='lat' dir='ltr'>incidiffent</span> <span class='ocrx_word' id='word_1_126' title='bbox 593 1171 684 1204; x_wconf 84' lang='lat' dir='ltr'>errorem,</span> 
     </span>
    </p>
   </div>
   <div class='ocr_carea' id='block_1_4' title="bbox 139 1216 684 1693">
    <p class='ocr_par' dir='ltr' id='par_1_4' title="bbox 139 1216 684 1693">
     <span class='ocr_line' id='line_1_18' title="bbox 141 1216 683 1271; baseline 0.004 -16"><span class='ocrx_word' id='word_1_127' title='bbox 141 1216 154 1255; x_wconf 81' lang='lat' dir='ltr'>ti</span> <span class='ocrx_word' id='word_1_128' title='bbox 164 1217 205 1271; x_wconf 81' lang='lat' dir='ltr'>ipfis</span> <span class='ocrx_word' id='word_1_129' title='bbox 215 1217 276 1258; x_wconf 76' lang='lat' dir='ltr'>irridet</span> <span class='ocrx_word' id='word_1_130' title='bbox 284 1216 411 1271; x_wconf 68' lang='lat' dir='ltr'>perspett‘um,</span> <span class='ocrx_word' id='word_1_131' title='bbox 428 1229 493 1258; x_wconf 87' lang='lat' dir='ltr'>omnes</span> <span class='ocrx_word' id='word_1_132' title='bbox 503 1216 557 1257; x_wconf 77' lang='lat' dir='ltr'>huius</span> <span class='ocrx_word' id='word_1_133' title='bbox 568 1219 633 1257; x_wconf 84' lang='lat' dir='ltr'>mnndi</span> <span class='ocrx_word' id='word_1_134' title='bbox 646 1230 683 1268; x_wconf 72' lang='lat' dir='ltr'>ros,</span> 
     </span>
     <span class='ocr_line' id='line_1_19' title="bbox 141 1278 684 1335; baseline 0.006 -15"><span class='ocrx_word' id='word_1_135' title='bbox 141 1287 179 1321; x_wconf 79' lang='lat' dir='ltr'>tam</span> <span class='ocrx_word' id='word_1_136' title='bbox 188 1278 308 1331; x_wconf 67' lang='lat' dir='ltr'>necesshrtas,</span> <span class='ocrx_word' id='word_1_137' title='bbox 325 1296 380 1334; x_wconf 80' lang='lat' dir='ltr'>quam</span> <span class='ocrx_word' id='word_1_138' title='bbox 391 1281 531 1335; x_wconf 80' lang='lat' dir='ltr'>contingentes,</span> <span class='ocrx_word' id='word_1_139' title='bbox 552 1291 632 1335; x_wconf 80' lang='lat' dir='ltr'>propter</span> <span class='ocrx_word' id='word_1_140' title='bbox 642 1296 684 1324; x_wconf 84' lang='lat' dir='ltr'>cnu-</span> 
     </span>
     <span class='ocr_line' id='line_1_20' title="bbox 140 1344 682 1396; baseline 0.007 -15"><span class='ocrx_word' id='word_1_141' title='bbox 140 1344 168 1382; x_wconf 82' lang='lat' dir='ltr'>sas</span> <span class='ocrx_word' id='word_1_142' title='bbox 181 1353 199 1384; x_wconf 86' lang='lat' dir='ltr'>et</span> <span class='ocrx_word' id='word_1_143' title='bbox 212 1345 293 1385; x_wconf 76' lang='lat' dir='ltr'>rationes</span> <span class='ocrx_word' id='word_1_144' title='bbox 307 1347 406 1396; x_wconf 77' lang='lat' dir='ltr'>quasdam,</span> <span class='ocrx_word' id='word_1_145' title='bbox 425 1359 435 1384; x_wconf 82' lang='lat' dir='ltr'>a</span> <span class='ocrx_word' id='word_1_146' title='bbox 450 1345 517 1394; x_wconf 88' lang='lat' dir='ltr'>quibus</span> <span class='ocrx_word' id='word_1_147' title='bbox 531 1346 623 1395; x_wconf 80' lang='lat' dir='ltr'>pendent,</span> <span class='ocrx_word' id='word_1_148' title='bbox 643 1359 682 1385; x_wconf 87' lang='lat' dir='ltr'>non</span> 
     </span>
     <span class='ocr_line' id='line_1_21' title="bbox 139 1405 683 1458; baseline 0.006 -14"><span class='ocrx_word' id='word_1_149' title='bbox 139 1405 201 1444; x_wconf 85' lang='lat' dir='ltr'>solum</span> <span class='ocrx_word' id='word_1_150' title='bbox 215 1408 286 1458; x_wconf 85' lang='lat' dir='ltr'>semper</span> <span class='ocrx_word' id='word_1_151' title='bbox 302 1407 442 1455; x_wconf 81' lang='lat' dir='ltr'>determinatas,</span> <span class='ocrx_word' id='word_1_152' title='bbox 467 1407 499 1445; x_wconf 84' lang='lat' dir='ltr'>sed</span> <span class='ocrx_word' id='word_1_153' title='bbox 512 1406 567 1444; x_wconf 85' lang='lat' dir='ltr'>etiam</span> <span class='ocrx_word' id='word_1_154' title='bbox 580 1414 617 1445; x_wconf 79' lang='lat' dir='ltr'>tam</span> <span class='ocrx_word' id='word_1_155' title='bbox 634 1406 683 1448; x_wconf 66' lang='lat' dir='ltr'>nus</span> 
     </span>
     <span class='ocr_line' id='line_1_22' title="bbox 142 1466 683 1519; baseline 0.002 -15"><span class='ocrx_word' id='word_1_156' title='bbox 142 1466 192 1505; x_wconf 86' lang='lat' dir='ltr'>inter</span> <span class='ocrx_word' id='word_1_157' title='bbox 201 1469 219 1506; x_wconf 89' lang='lat' dir='ltr'>se</span> <span class='ocrx_word' id='word_1_158' title='bbox 229 1471 322 1519; x_wconf 78' lang='lat' dir='ltr'>copulatas</span> <span class='ocrx_word' id='word_1_159' title='bbox 332 1468 379 1514; x_wconf 79' lang='lat' dir='ltr'>esse,</span> <span class='ocrx_word' id='word_1_160' title='bbox 396 1475 417 1505; x_wconf 87' lang='lat' dir='ltr'>vt</span> <span class='ocrx_word' id='word_1_161' title='bbox 429 1467 510 1506; x_wconf 86' lang='lat' dir='ltr'>infinitus</span> <span class='ocrx_word' id='word_1_162' title='bbox 519 1467 556 1505; x_wconf 89' lang='lat' dir='ltr'>Dei</span> <span class='ocrx_word' id='word_1_163' title='bbox 570 1466 683 1514; x_wconf 65' lang='lat' dir='ltr'>intelletum,</span> 
     </span>
     <span class='ocr_line' id='line_1_23' title="bbox 141 1528 683 1579; baseline 0.006 -15"><span class='ocrx_word' id='word_1_164' title='bbox 141 1529 173 1575; x_wconf 87' lang='lat' dir='ltr'>qui</span> <span class='ocrx_word' id='word_1_165' title='bbox 183 1529 268 1566; x_wconf 88' lang='lat' dir='ltr'>omnium</span> <span class='ocrx_word' id='word_1_166' title='bbox 277 1543 340 1568; x_wconf 85' lang='lat' dir='ltr'>rerum</span> <span class='ocrx_word' id='word_1_167' title='bbox 353 1528 408 1567; x_wconf 85' lang='lat' dir='ltr'>nouit</span> <span class='ocrx_word' id='word_1_168' title='bbox 420 1541 502 1572; x_wconf 79' lang='lat' dir='ltr'>nexum,</span> <span class='ocrx_word' id='word_1_169' title='bbox 522 1541 616 1576; x_wconf 78' lang='lat' dir='ltr'>nunqnam</span> <span class='ocrx_word' id='word_1_170' title='bbox 629 1528 683 1579; x_wconf 78' lang='lat' dir='ltr'>possit</span> 
     </span>
     <span class='ocr_line' id='line_1_24' title="bbox 140 1586 682 1644; baseline 0.009 -19"><span class='ocrx_word' id='word_1_171' title='bbox 140 1586 234 1638; x_wconf 76' lang='lat' dir='ltr'>ignorare,</span> <span class='ocrx_word' id='word_1_172' title='bbox 252 1589 295 1637; x_wconf 86' lang='lat' dir='ltr'>quid</span> <span class='ocrx_word' id='word_1_173' title='bbox 304 1589 323 1628; x_wconf 90' lang='lat' dir='ltr'>in</span> <span class='ocrx_word' id='word_1_174' title='bbox 332 1589 410 1636; x_wconf 83' lang='lat' dir='ltr'>mundo,</span> <span class='ocrx_word' id='word_1_175' title='bbox 420 1588 472 1627; x_wconf 89' lang='lat' dir='ltr'>omni</span> <span class='ocrx_word' id='word_1_176' title='bbox 481 1596 567 1642; x_wconf 82' lang='lat' dir='ltr'>tempore</span> <span class='ocrx_word' id='word_1_177' title='bbox 576 1589 648 1644; x_wconf 72' lang='lat' dir='ltr'>futuro²</span> <span class='ocrx_word' id='word_1_178' title='bbox 661 1588 682 1630; x_wconf 82' lang='lat' dir='ltr'>fit</span> 
     </span>
     <span class='ocr_line' id='line_1_25' title="bbox 141 1651 684 1693; baseline 0.004 -5"><span class='ocrx_word' id='word_1_179' title='bbox 141 1652 265 1693; x_wconf 66' lang='lat' dir='ltr'>euenturum</span> <span class='ocrx_word' id='word_1_180' title='bbox 682 1651 684 1654; x_wconf 79' lang='grc'>’</span> 
     </span>
    </p>
   </div>
   <div class='ocr_carea' id='block_1_5' title="bbox 321 1754 448 1808">
    <p class='ocr_par' dir='ltr' id='par_1_5' title="bbox 321 1754 448 1808">
     <span class='ocr_line' id='line_1_26' title="bbox 321 1754 448 1808; baseline 0.016 -12"><span class='ocrx_word' id='word_1_181' title='bbox 321 1759 341 1808; x_wconf 62' lang='grc' dir='ltr'>ς,</span> <span class='ocrx_word' id='word_1_182' title='bbox 381 1754 448 1798; x_wconf 77' lang='lat' dir='ltr'>cnut.</span> 
     </span>
    </p>
   </div>
   <div class='ocr_carea' id='block_1_6' title="bbox 82 1835 681 1953">
    <p class='ocr_par' dir='ltr' id='par_1_6' title="bbox 82 1835 681 1953">
     <span class='ocr_line' id='line_1_27' title="bbox 128 1835 681 1877; baseline 0.002 -2"><span class='ocrx_word' id='word_1_183' title='bbox 128 1836 231 1875; x_wconf 84' lang='lat' dir='ltr'>Decretum</span> <span class='ocrx_word' id='word_1_184' title='bbox 236 1836 275 1877; x_wconf 87' lang='lat' dir='ltr'>Dei</span> <span class='ocrx_word' id='word_1_185' title='bbox 281 1839 349 1875; x_wconf 75' lang='lat' dir='ltr'>nuttam</span> <span class='ocrx_word' id='word_1_186' title='bbox 354 1836 439 1875; x_wconf 75' lang='lat' dir='ltr'>effenme</span> <span class='ocrx_word' id='word_1_187' title='bbox 444 1842 462 1874; x_wconf 90' lang='lat' dir='ltr'>et</span> <span class='ocrx_word' id='word_1_188' title='bbox 467 1842 609 1874; x_wconf 79' lang='lat' dir='ltr'>naturnererum</span> <span class='ocrx_word' id='word_1_189' title='bbox 619 1835 681 1877; x_wconf 79' lang='lat' dir='ltr'>adfert</span> 
     </span>
     <span class='ocr_line' id='line_1_28' title="bbox 82 1895 681 1953; baseline -0.002 -17"><span class='ocrx_word' id='word_1_190' title='bbox 82 1898 206 1937; x_wconf 77' lang='lat' dir='ltr'>mutationem</span> <span class='ocrx_word' id='word_1_191' title='bbox 218 1911 252 1938; x_wconf 87' lang='lat' dir='ltr'>nec</span> <span class='ocrx_word' id='word_1_192' title='bbox 259 1895 349 1953; x_wconf 67' lang='lat' dir='ltr'>fatalem</span> <span class='ocrx_word' id='word_1_193' title='bbox 362 1910 439 1948; x_wconf 83' lang='lat' dir='ltr'>eorum,</span> <span class='ocrx_word' id='word_1_194' title='bbox 455 1910 500 1946; x_wconf 76' lang='lat' dir='ltr'>qnae</span> <span class='ocrx_word' id='word_1_195' title='bbox 509 1897 566 1941; x_wconf 89' lang='lat' dir='ltr'>fiunt,</span> <span class='ocrx_word' id='word_1_196' title='bbox 582 1897 681 1950; x_wconf 79' lang='lat' dir='ltr'>progignit</span> 
     </span>
    </p>
   </div>
   <div class='ocr_carea' id='block_1_7' title="bbox 81 1956 682 2068">
    <p class='ocr_par' dir='ltr' id='par_1_7' title="bbox 81 1956 682 2068">
     <span class='ocr_line' id='line_1_29' title="bbox 81 1956 680 2012; baseline -0.01 -13"><span class='ocrx_word' id='word_1_197' title='bbox 81 1956 218 2012; x_wconf 75' lang='lat' dir='ltr'>neceffltntem.</span> <span class='ocrx_word' id='word_1_198' title='bbox 248 1960 340 1999; x_wconf 82' lang='lat' dir='ltr'>Decreuit</span> <span class='ocrx_word' id='word_1_199' title='bbox 349 1959 400 1999; x_wconf 84' lang='lat' dir='ltr'>eninr</span> <span class='ocrx_word' id='word_1_200' title='bbox 408 1959 472 2007; x_wconf 77' lang='lat' dir='ltr'>Deus,</span> <span class='ocrx_word' id='word_1_201' title='bbox 485 1965 506 1995; x_wconf 89' lang='lat' dir='ltr'>vt</span> <span class='ocrx_word' id='word_1_202' title='bbox 516 1958 595 1995; x_wconf 87' lang='lat' dir='ltr'>mundus</span> <span class='ocrx_word' id='word_1_203' title='bbox 604 1958 634 1995; x_wconf 78' lang='lat' dir='ltr'>iric</span> <span class='ocrx_word' id='word_1_204' title='bbox 649 1972 680 1997; x_wconf 80' lang='lat' dir='ltr'>err.</span> 
     </span>
     <span class='ocr_line' id='line_1_30' title="bbox 82 2015 682 2068; baseline 0 -14"><span class='ocrx_word' id='word_1_205' title='bbox 82 2017 156 2063; x_wconf 71' lang='lat' dir='ltr'>niteret,</span> <span class='ocrx_word' id='word_1_206' title='bbox 171 2020 202 2066; x_wconf 86' lang='lat' dir='ltr'>qui</span> <span class='ocrx_word' id='word_1_207' title='bbox 212 2032 242 2058; x_wconf 84' lang='lat' dir='ltr'>res</span> <span class='ocrx_word' id='word_1_208' title='bbox 251 2020 332 2061; x_wconf 72' lang='lat' dir='ltr'>diuersae</span> <span class='ocrx_word' id='word_1_209' title='bbox 342 2015 429 2058; x_wconf 80' lang='lat' dir='ltr'>effenriae</span> <span class='ocrx_word' id='word_1_210' title='bbox 438 2026 457 2056; x_wconf 87' lang='lat' dir='ltr'>et</span> <span class='ocrx_word' id='word_1_211' title='bbox 465 2025 539 2055; x_wconf 81' lang='lat' dir='ltr'>naturae</span> <span class='ocrx_word' id='word_1_212' title='bbox 548 2017 682 2068; x_wconf 60' lang='lat' dir='ltr'>eompledere-</span> 
     </span>
    </p>
   </div>
   <div class='ocr_carea' id='block_1_8' title="bbox 22 2078 680 2388">
    <p class='ocr_par' dir='ltr' id='par_1_8' title="bbox 82 2078 680 2130">
     <span class='ocr_line' id='line_1_31' title="bbox 82 2078 680 2130; baseline 0.003 -13"><span class='ocrx_word' id='word_1_213' title='bbox 82 2085 113 2117; x_wconf 78' lang='lat' dir='ltr'>tur</span> <span class='ocrx_word' id='word_1_214' title='bbox 122 2085 141 2117; x_wconf 86' lang='lat' dir='ltr'>et</span> <span class='ocrx_word' id='word_1_215' title='bbox 153 2078 172 2117; x_wconf 93' lang='lat' dir='ltr'>in</span> <span class='ocrx_word' id='word_1_216' title='bbox 186 2092 223 2130; x_wconf 84' lang='lat' dir='ltr'>quo</span> <span class='ocrx_word' id='word_1_217' title='bbox 237 2080 300 2120; x_wconf 80' lang='lat' dir='ltr'>omnia</span> <span class='ocrx_word' id='word_1_218' title='bbox 312 2080 412 2119; x_wconf 78' lang='lat' dir='ltr'>secundum</span> <span class='ocrx_word' id='word_1_219' title='bbox 421 2078 517 2125; x_wconf 80' lang='lat' dir='ltr'>ordinem,</span> <span class='ocrx_word' id='word_1_220' title='bbox 536 2078 591 2117; x_wconf 84' lang='lat' dir='ltr'>certis</span> <span class='ocrx_word' id='word_1_221' title='bbox 605 2087 680 2120; x_wconf 77' lang='lat' dir='ltr'>naturae</span> 
     </span>
    </p>

    <p class='ocr_par' dir='ltr' id='par_1_9' title="bbox 22 2141 680 2260">
     <span class='ocr_line' id='line_1_32' title="bbox 22 2141 680 2201; baseline -0.002 -18"><span class='ocrx_word' id='word_1_222' title='bbox 22 2169 24 2173; x_wconf 92' lang='lat'><em>-</em></span> <span class='ocrx_word' id='word_1_223' title='bbox 81 2141 390 2197; x_wconf 70' lang='lat' dir='ltr'>legibusconsentaneumfierent.</span> <span class='ocrx_word' id='word_1_224' title='bbox 406 2142 680 2201; x_wconf 65' lang='lat' dir='ltr'>Quaeuisergoressuamreti·</span> 
     </span>
     <span class='ocr_line' id='line_1_33' title="bbox 82 2207 679 2260; baseline -0.005 -12"><span class='ocrx_word' id='word_1_225' title='bbox 82 2213 114 2248; x_wconf 85' lang='lat' dir='ltr'>net</span> <span class='ocrx_word' id='word_1_226' title='bbox 121 2207 213 2247; x_wconf 77' lang='lat' dir='ltr'>essentiam</span> <span class='ocrx_word' id='word_1_227' title='bbox 220 2218 238 2249; x_wconf 87' lang='lat' dir='ltr'>et</span> <span class='ocrx_word' id='word_1_228' title='bbox 243 2219 327 2249; x_wconf 75' lang='lat' dir='ltr'>naturam</span> <span class='ocrx_word' id='word_1_229' title='bbox 337 2224 357 2248; x_wconf 80' lang='lat' dir='ltr'>nc</span> <span class='ocrx_word' id='word_1_230' title='bbox 367 2208 519 2248; x_wconf 74' lang='lat' dir='ltr'>secundnmiltam</span> <span class='ocrx_word' id='word_1_231' title='bbox 526 2208 570 2260; x_wconf 66' lang='lat' dir='ltr'>agit.</span> <span class='ocrx_word' id='word_1_232' title='bbox 585 2207 679 2248; x_wconf 74' lang='lat' dir='ltr'>miamin</span> 
     </span>
    </p>

    <p class='ocr_par' dir='ltr' id='par_1_10' title="bbox 82 2268 679 2321">
     <span class='ocr_line' id='line_1_34' title="bbox 82 2268 679 2321; baseline -0.002 -11"><span class='ocrx_word' id='word_1_233' title='bbox 82 2268 108 2311; x_wconf 86' lang='lat' dir='ltr'>est</span> <span class='ocrx_word' id='word_1_234' title='bbox 120 2271 213 2312; x_wconf 66' lang='lat' dir='ltr'>causarum</span> <span class='ocrx_word' id='word_1_235' title='bbox 226 2272 376 2318; x_wconf 58' lang='lat' dir='ltr'>receuti-nrum,</span> <span class='ocrx_word' id='word_1_236' title='bbox 397 2282 473 2321; x_wconf 78' lang='lat' dir='ltr'>quarum</span> <span class='ocrx_word' id='word_1_237' title='bbox 485 2268 561 2310; x_wconf 64' lang='lat' dir='ltr'>effeetus</span> <span class='ocrx_word' id='word_1_238' title='bbox 574 2270 629 2311; x_wconf 78' lang='lat' dir='ltr'>unico</span> <span class='ocrx_word' id='word_1_239' title='bbox 641 2280 679 2309; x_wconf 81' lang='lat' dir='ltr'>tan·</span> 
     </span>
    </p>

    <p class='ocr_par' dir='ltr' id='par_1_11' title="bbox 157 2332 679 2388">
     <span class='ocr_line' id='line_1_35' title="bbox 157 2332 679 2388; baseline 0 -16"><span class='ocrx_word' id='word_1_240' title='bbox 157 2339 159 2343; x_wconf 78' lang='grc'>’</span> <span class='ocrx_word' id='word_1_241' title='bbox 370 2332 414 2388; x_wconf 73' lang='lat' dir='ltr'>R5</span> <span class='ocrx_word' id='word_1_242' title='bbox 640 2340 679 2372; x_wconf 84' lang='lat' dir='ltr'>uun</span> 
     </span>
    </p>
   </div>
   <div class='ocr_carea' id='block_1_9' title="bbox 0 0 856 2774">
    <p class='ocr_par' dir='ltr' id='par_1_12' title="bbox 0 0 856 2774">
     <span class='ocr_line' id='line_1_36' title="bbox 0 0 856 2774; baseline 0 2"><span class='ocrx_word' id='word_1_243' title='bbox 0 0 856 2774; x_wconf 95' lang='lat' dir='ltr'> </span> 
     </span>
    </p>
   </div>
  </div>
 </body>
</html>
