1702 2774
175 172 205 235 ξς
386 173 500 220 entur
529 166 573 221 its.v

178 282 216 322 iam
233 294 244 321 a
259 278 332 321 iudaeis
351 287 370 320 et
391 278 455 335 postea
476 279 572 332 incapite
587 292 598 320 a
613 277 721 322 Christianis
738 280 780 321 sunl

142 386 143 389 ,
181 342 265 385 distintii.

211 403 330 445 Diuifionem
344 403 449 445 Librorum
460 403 504 449 Ver,
518 401 645 448 Testamenti,
669 415 705 453 qna
717 401 782 444 Iudaei

243 473 335 512 utuntur,
349 467 404 506 ualde
413 474 497 506 veterem
506 464 541 505 esse
554 476 576 505 ex
587 464 649 503 Lucae
660 463 735 509 XXIV,
750 471 785 515 44¹

240 541 277 568 nee
290 540 331 568 non
344 540 368 566 ex
381 540 488 569 rosrrno
504 527 548 572 Lib.
560 527 576 570 Ι.
591 535 663 568 contra
678 524 784 582 Apiorrenr

243 589 265 646 ᾗ.
275 595 293 638 8,
302 590 422 641 perspiciturov
449 590 480 628 De
488 588 620 641 partitionibus
629 586 699 627 codicis
707 586 784 626 hebraei

243 652 307 692 multis
318 650 356 701 agit
367 661 419 690 ron.
442 662 573 688 eorrrrrn
595 662 753 689 cnnrzovrvs
765 647 785 687 in

247 706 413 764 uriricaesacrae
422 718 458 752 ret.
474 708 594 763 Tesinrnenci
607 712 627 754 P.
637 713 651 752 l.
666 725 683 752 e.
691 726 713 762 4.
743 723 785 750 na-

244 783 347 811 strrzrrru
358 771 422 810 Iudaei
430 771 499 821 absque
510 771 555 811 iusta
567 772 619 809 eausa
630 783 668 809 non
680 771 729 810 inter
740 784 786 821 pro-

244 834 323 887 phetas,
340 833 370 871 secl
378 832 505 885 hagiographa
514 834 628 879 retulerunt,
645 845 687 870 enm
701 839 720 871 et
730 832 786 872 Chris

245 894 285 934 stus
293 892 363 935 uiaret.
372 894 447 940 XXIV,
464 908 484 948 15
495 903 514 934 et
523 906 613 934 rosnnn
619 905 644 932 us
653 891 783 952 Arrliqnitrtt.

245 953 288 998 iud.
298 953 340 996 Lib.
351 961 373 998 Χ,
386 969 402 996 c.
413 966 435 994 rr.
449 954 467 1009 ᾗ.
480 969 497 1011 7.
513 968 557 994 eum
569 955 680 1007 prophetam
694 954 785 1011 erpelle-¹

244 1017 285 1057 rior
294 1015 398 1056 maximum
408 1024 483 1059 vocant.
622 1033 625 1039 ·

450 1146 455 1156 .
486 1115 531 1160 LV.

244 1191 379 1252 interscripto
387 1193 408 1238 (ri
414 1114 481 1238 reiicit
487 1194 515 1239 V.
524 1192 547 1237 T.
557 1196 645 1254 qrrirrqrre
653 1191 702 1244 lilii
711 1192 783 1252 Mofir,

185 1270 266 1309 quorum
274 1259 311 1296 fine
320 1258 379 1296 dubio
392 1258 458 1297 Moses
467 1259 505 1309 ipse
514 1265 569 1296 antor
577 1259 624 1304 init,
640 1259 652 1295 fi
660 1258 747 1297 ultimum
756 1270 786 1295 ca-

183 1327 219 1376 pnt
228 1318 374 1358 Deuteronomii
383 1326 402 1356 et
411 1316 501 1367 quaedam
515 1319 589 1358 diuerfis
598 1318 650 1356 *locis
663 1331 674 1356 a
686 1316 785 1368 posteriori

182 1393 240 1421 manu
253 1379 314 1419 addita
327 1379 420 1431 excipias,
441 1380 522 1433 primum
536 1387 628 1431 occupant
640 1382 712 1423 locunt.
741 1378 785 1419 >Ha·

182 1442 229 1480 bent
237 1442 265 1480 illi
274 1454 339 1480 omnes
349 1443 431 1481 summae
441 1441 554 1490 antiquitatis
567 1449 620 1481 notas
631 1449 649 1480 et
663 1448 740 1493 propter
750 1453 785 1484 ,ve-

184 1502 326 1542 tostiffimornm
339 1510 446 1554 temporum
456 1511 475 1542 et
488 1502 554 1541 deinde
566 1502 699 1542 Hebraeorum
710 1515 786 1541 eorum-

185 1577 222 1614 que
233 1564 327 1616 religionis
336 1561 432 1603 historiam
440 1572 459 1603 et
467 1563 521 1603 huius
529 1563 589 1615 gentis
598 1566 661 1617 leges,
682 1576 726 1613 quas
740 1576 785 1603 coo-

185 1625 253 1673 tinent‚
270 1637 280 1664 a
290 1624 357 1674 quouis
365 1624 427 1678 magni
435 1627 477 1664 snut
485 1625 597 1668 aestimandi.
626 1625 648 1664 ln
657 1625 732 1675 reliquis
742 1625 786 1664 seri-

183 1687 222 1739 ptis
233 1686 324 1725 historicis
333 1686 400 1738 partim
410 1686 486 1726 maioris
498 1688 589 1727 momenti
597 1699 627 1726 res
640 1687 700 1740 gestae
715 1693 734 1725 et
748 1686 786 1726 fata

183 1747 327 1795 Hebraeorum,
341 1749 364 1786 ab
373 1760 438 1788 eornm
448 1748 467 1788 in
476 1757 545 1788 terram
554 1749 629 1788 Canaan
637 1745 718 1802 ingreffn
727 1761 786 1799 Vsque

183 1810 208 1849 ad
219 1809 347 1862 captiuitatem
356 1809 486 1862 babylonicam
499 1818 529 1857 et,
546 1823 593 1862 qnae
606 1824 639 1862 per
651 1811 726 1861 aliquod
740 1818 787 1850 tem-

183 1884 219 1924 pus
230 1871 272 1923 post
280 1872 363 1911 reditum
377 1883 401 1910 ex
410 1872 441 1912 illa
449 1872 498 1912 inter
506 1881 538 1911 eos
547 1872 673 1926 contigerunt,
689 1880 787 1912 narrantur

184 1941 207 1972 ur
215 1934 235 1972 in
245 1928 297 1975 libro
306 1929 390 1987 Jofirae,
406 1930 507 1983 ulricum,
523 1930 600 1976 duobus
610 1930 669 1977 libris
679 1931 787 1985 Sornurlir,

184 1991 278 2054 Regurtr,
305 1992 463 2047 Cbrorricorunr,
487 1991 538 2038 libro
553 1994 619 2050 Esroe
633 2002 654 2035 et
668 1993 787 2042 Neientire,

182 2057 250 2109 partim
260 2069 290 2096 res
301 2059 392 2108 quaedam
405 2058 487 2109 priuatae
496 2058 550 2098 unius
559 2057 640 2098 familiae
654 2065 672 2098 et
684 2057 733 2098 faeta
745 2071 787 2110 par·

182 2118 268 2158 ticularia
279 2127 409 2171 exponuntur,
428 2127 450 2159 vt
462 2120 481 2159 in
495 2116 547 2162 libro
559 2119 638 2163 liuline
651 2127 670 2161 et
681 2117 787 2174 Estherae.

182 2179 321 2232 Plerornrnque
333 2181 401 2222 horum
413 2181 506 2222 librorum
518 2191 593 2223 autores
603 2195 669 2236 parum
681 2184 724 2222 sont
737 2180 787 2228 noti,

182 2254 231 2289 nee,
240 2255 270 2289 *an
280 2256 345 2284 omnes
355 2243 426 2285 fuerint
434 2244 548 2297 prophetae,
561 2245 604 2285 satis
617 2245 695 2286 constat.
725 2242 787 2283 Etiam

183 2305 207 2345 de
216 2312 313 2360 tempore,
329 2318 366 2358 quo
381 2306 499 2363 scriptino,
515 2306 540 2347 ob
552 2315 638 2350 veterum
650 2304 786 2348 memoriarum

734 2367 786 2409 defe-
