1702 2774
95 127 133 166 nn
151 106 265 162 narrent
284 120 685 171 onrrrtvnscuearrour.131

111 225 187 269 Praeter
197 232 232 260 eos
241 218 291 258 inter
302 224 389 263 veteres,
403 217 435 268 qui
451 225 522 260 tantum
535 217 644 262 materiam,
660 230 685 257 ex

143 295 179 334 qua
188 280 268 321 mundus
275 279 351 330 constat,
365 285 458 319 aeternam
462 280 497 320 esse
505 285 627 338 putauerunt,
638 291 684 318 non-

139 343 187 384 nulli
196 341 317 382 etiamhuius
331 339 397 379 mundi
411 338 504 388 sormam,
520 342 565 381 licet
578 343 651 393 semper
665 340 685 380 in

141 404 253 455 quibusdam
267 400 390 446 mutabilem,
412 400 465 438 omni
480 414 541 440 carere
554 402 622 451 initio,
642 402 686 442 sunt

141 465 197 512 tuiti;
212 464 282 502 horum
295 468 314 500 ct
328 461 405 500 iliorum
419 459 517 510 opiniones
532 471 653 515 exponuntur
665 463 686 503 in

131 524 236 579 ¹historiam
249 518 368 575 urriaterstrla'r
381 532 405 559 ex
416 520 491 573 anglico
504 523 589 562 sermone
604 525 623 564 in
642 537 684 578 ger·

140 586 237 626 uranicum
246 585 343 622 translatae
351 581 417 621 Tomo
426 581 440 624 Ι.
451 581 598 623 introdudtionis
611 599 627 628 c.
636 600 653 632 ι.
664 593 684 626 et

142 659 161 690 ρ.
178 657 244 700 pag.7
257 645 307 695 seqq.
371 636 472 684 internam
487 644 553 685 mundi
569 647 683 689 creationem

81 745 83 747 ,
142 708 201 762 ipsam
218 706 252 747 sibi
267 718 384 759 repugnare,
406 705 455 743 inter
471 706 518 746 aiios
533 708 630 751 contendit
650 722 682 752 ro.

137 782 201 812 ,seara
224 779 388 808 erraveramus
401 766 421 806 in
431 763 515 822 Differt.
528 764 553 809 de
565 767 685 825 irrpaffiili·

144 841 186 874 tata
195 828 266 872 arcuatili
274 828 365 875 aeterni,
382 829 435 867 ienae
445 839 498 882 1741.
561 830 582 869 In
592 831 684 880 quaestio-

142 905 197 933 uem:
215 903 304 943 quaenam
314 890 354 942 post
367 889 481 929 creationem
494 889 513 930 in
527 891 611 942 paradiso
624 892 685 946 prima

86 981 88 984 -
144 955 188 996 anni
201 953 258 995 suerit
272 950 383 1005 tempestas?
411 950 509 1004 diiigenter
523 952 600 1003 inquirit
615 966 685 999 ouri.

144 1028 279 1059 susurrus
295 1015 315 1053 in
329 1010 472 1054 exercitatione
488 1010 513 1055 de
526 1011 598 1056 natandi
611 1013 683 1064 natali,

143 1091 190 1130 quae
206 1078 232 1117 est
244 1077 304 1129 prima
317 1075 371 1115 Libri
384 1075 408 1115 is.
423 1073 511 1117 otiorum
525 1076 564 1116 eius
579 1074 684 1138 theologie.

145 1153 165 1193 p.
176 1152 199 1195 23
210 1141 262 1188 seqq.

191 1298 194 1305 ι
311 1233 328 1295 p
356 1235 465 1281 CXXXIX.

143 1314 211 1360 Plura
222 1315 264 1359 inni
276 1312 469 1374 deieransfirsfidia
478 1313 613 1370 adaptandam
627 1328 648 1362 et
659 1330 687 1363 eae

86 1378 119 1424 isto
131 1377 199 1422 Deum
215 1375 289 1420 radius
302 1375 471 1436 cogrartsiendnau‚
488 1392 549 1436 quum
563 1390 639 1423 veteres
650 1379 688 1433 iar-J

86 1438 179 1485 brier-rane.
210 1439 308 1479 Debemus
321 1440 352 1490 illa
362 1439 472 1489 quibusdam
484 1441 610 1481 rcccntiornm
622 1442 688 1483 inuen-

87 1502 111 1544 tis
120 1510 139 1542 et
149 1501 242 1542 continuis
253 1509 307 1552 atque
316 1487 447 1541 iritensroribus
458 1504 560 1541 muitarum
566 1502 636 1550 studiiS,
648 1504 688 1555 qui·

87 1565 124 1605 bus
132 1564 208 1603 scicntia
217 1575 280 1602 rerum
289 1562 399 1602 naturalium
410 1570 429 1601 et
437 1562 549 1603 astronomia
558 1577 624 1616 magna
633 1579 687 1618 cepe.

87 1633 132 1667 tunt
139 1623 258 1664 incrementa.
296 1623 333 1663 His
347 1623 405 1663 adiuti
416 1623 499 1664 formare
513 1624 567 1665 nobis
580 1625 635 1666 huius
647 1627 688 1667 vni-

88 1688 135 1728 uersr
149 1685 245 1726 notionem
260 1684 366 1737 possumus,
388 1684 482 1724 maiestate
496 1685 560 1727 diuina
573 1688 658 1741 dignam,
674 1689 688 1728 fi

89 1749 168 1803 spatium
175 1747 298 1795 immensum,
315 1746 365 1796 quod
375 1745 471 1786 innumera
480 1760 537 1797 eaque
551 1748 633 1801 ingentia
647 1763 689 1790 cor·

89 1823 147 1864 pora,
161 1809 228 1861 partim
238 1808 310 1853 lucida,
325 1806 438 1858 quaestellas
445 1809 491 1863 siras
505 1818 626 1849 vocamuset
641 1825 689 1861 quae

90 1880 120 1913 tot
127 1874 169 1911 sunt
177 1872 236 1916 soles,
252 1869 395 1922 pertimerem,
410 1882 457 1919 quae
467 1872 509 1909 sunt
516 1872 546 1910 vel
555 1873 646 1922 planetae,
658 1874 691 1915 vel

68 1941 183 1981 ·,cometae,
197 1940 215 1972 et
225 1944 290 1982 quaea
302 1930 396 1982 prioribus
408 1934 470 1971 lucem
481 1933 531 1971 suam
548 1941 656 1974 mutuantur
669 1942 689 1976 et

91 1995 178 2035 circailia
187 1994 267 2034 desinitis
280 2000 380 2033 mouentur
389 1993 436 2040 vim,
454 1993 474 2033 in
487 1995 505 2032 se
520 1994 615 2042 continet,
632 2004 692 2038 atten-

91 2056 136 2098 tiori
150 2057 284 2096 consideramus
296 2054 367 2096 animm
400 2055 461 2095 Etiam
473 2068 519 2107 quae
534 2056 577 2096 urbi
592 2062 692 2106 terrarum,

92 2112 191 2169 qui‘nbbis
204 2118 279 2168 quidem
292 2129 369 2170 magnus
383 2117 469 2167 videtur,
493 2117 524 2167 qui
537 2127 600 2159 tamen
614 2122 636 2160 ad
649 2121 692 2160 reli·

92 2192 150 2230 quum
158 2180 223 2219 mundi
232 2180 310 2231 spatium
321 2181 390 2219 relatus
404 2178 467 2232 punsii
480 2178 535 2220 instar
551 2180 577 2226 est
590 2182 692 2230 habendae,

92 2242 164 2291 insunt,
184 2241 294 2284 accuratiori
308 2240 391 2286 examine
404 2240 501 2293 instituto,
519 2243 586 2288 mrbus
599 2245 640 2284 sunt
652 2256 695 2296 per·

299 2299 305 2304 '·
401 2303 411 2345 Ι
427 2316 439 2348 2
626 2304 694 2359 spei-ia)
