1702 2774
392 164 505 207 GAPVT
522 166 567 208 111ss

236 331 255 371 Si
264 330 307 372 libri
316 337 354 371 tam.
362 329 389 375 V,
398 265 453 382 quirin
460 331 487 374 N.
495 332 515 370 T
516 329 610 371 estamenti
621 337 694 372 tentum
705 338 727 372 vt
739 328 774 373 lm·

177 393 234 437 tezani
241 394 388 441 considerantur,
402 390 433 434 su'r
442 393 549 448 praestantia
557 400 575 432 et
584 393 663 433 vtitirare
676 394 713 433 iarn
726 396 775 433 surn-

177 469 254 508 mopere
263 457 281 495 se
289 457 428 498 commendant.
458 457 490 509 Ex
500 457 537 496 solu
550 454 599 495 enim
614 468 680 495 eorum
694 454 773 495 ledione

177 518 281 571 colligiturz
298 519 315 573 r)
324 519 375 569 quod
383 520 406 559 ad
415 526 498 570 tempora
510 519 562 559 ualde
571 517 644 568 antiqua
652 517 686 557 tnr
693 517 775 557 reseren-

177 579 208 627 di,
224 589 245 619 vt
255 581 302 635 adeo
311 582 334 620 nd
342 590 424 620 veterem
436 579 530 620 historiam
543 588 562 620 et
577 581 675 633 priscarum
688 579 774 633 gentium

176 641 259 682 instituta
267 642 384 694 perdiscenda
393 643 472 680 multum
481 643 590 695 conferam
604 648 627 694 2)
644 643 693 693 quod
707 654 774 681 eorum

177 712 253 745 autores
262 705 329 743 fincera
337 702 404 753 pietate
414 709 433 741 et
440 702 535 753 religionis
544 716 599 741 verne
613 703 688 743 seientia
701 700 774 744 fuerint

176 765 266 818 inignes³
283 777 324 803 eum
334 764 353 803 in
362 764 449 803 omnibus
460 762 512 802 distis
521 764 557 803 suis
570 765 652 803 animum
662 766 705 804 Deo
715 764 773 804 mexi-

176 840 207 866 me
216 827 306 865 deuotum
316 827 383 879 spirant
393 833 411 865 et
421 822 474 876 plura
482 839 504 864 ae
515 825 592 865 meliora
603 827 628 874 de
637 824 729 880 religione
742 838 773 865 na·

176 888 232 929 trtraii
241 887 338 928 habuerint
346 886 450 939 perspefita,
467 900 522 936 quarn
533 888 567 927 vti
580 887 773 941 gentitium'pin'loso·

177 950 220 1003 phi;
236 950 255 988 id
265 950 314 1000 quod
323 963 346 988 eo
356 948 381 987 est
390 948 526 997 admirabilius,
543 951 593 999 quod
601 950 623 989 iis
632 951 719 990 vixerunt
727 958 774 989 terne·

176 1012 266 1064 punirer,
293 1011 359 1062 quibus
372 1010 439 1062 purtim
454 1011 535 1060 retiquae
550 1017 614 1062 genter
626 1012 687 1051 omnis
699 1011 772 1064 generis

174 1071 298 1125 superstitioni
305 1080 324 1111 et
334 1068 443 1124 grauissimis
452 1072 475 1110 de
485 1072 529 1112 Deo
537 1079 556 1111 et
570 1076 620 1112 cuitu
636 1073 653 1113 ei
666 1067 772 1114 exhibendo

175 1135 270 1175 erroribus
279 1135 354 1174 suerunt
363 1133 446 1180 deditae,
462 1133 529 1186 partim
539 1133 606 1184 quibus
614 1135 653 1187 ipsa
664 1135 731 1188 religio
744 1135 773 1175 iu·

176 1197 239 1244 deire,
255 1209 310 1247 quarn
319 1189 371 1236 nntca
380 1195 523 1248 profitebantur,
542 1198 593 1236 suern
606 1196 690 1237 amiserat
702 1196 773 1250 purita-

175 1267 214 1299 tem
228 1266 247 1297 et
258 1258 319 1298 foedis
330 1258 424 1307 inquinata
438 1265 477 1297 erat
487 1258 625 1308 deliramentis,
649 1271 695 1309 quae
710 1267 772 1299 tamen

175 1334 213 1360 non
222 1319 370 1371 impediuernnt,
391 1320 500 1370 quominus
512 1319 532 1358 in
544 1319 567 1359 iis
580 1319 668 1359 omnibus
681 1322 771 1372 saperent,

175 1394 222 1433 quae
236 1382 258 1419 de
271 1382 326 1420 rebus
341 1380 407 1420 diuinis
422 1388 441 1420 et
453 1393 540 1420 verarum
551 1381 643 1421 virtutum
657 1382 721 1422 indole
730 1384 772 1422 sana

123 1488 124 1491 Ἴ
176 1445 232 1484 docet
241 1444 300 1495 reti03
316 1442 337 1497 3)
346 1443 395 1492 quod
404 1442 423 1481 in
432 1442 463 1490 iis,
478 1453 611 1493 quaenarmnt,
627 1444 662 1482 fide
671 1445 704 1484 sint
712 1444 772 1497 digni.

175 1508 242 1557 Agunt
251 1503 300 1544 enim
312 1505 335 1543 de
343 1504 366 1543 iis
379 1504 446 1555 rebus,
467 1504 535 1555 quibus
548 1506 579 1543 vel
591 1503 726 1552 interfuerunt,
741 1508 772 1545 vel

176 1579 221 1618 ques
229 1566 289 1618 probe
299 1573 401 1619 potuerunt
409 1566 464 1605 nosse.
496 1566 526 1605 stc
535 1579 613 1607 moses
622 1569 679 1607 musta
685 1569 743 1607 refert
752 1577 771 1608 et

175 1630 213 1669 ase
223 1635 241 1667 et
251 1640 313 1667 coram
323 1624 383 1666 ocutis
391 1627 427 1666 suis
437 1626 497 1679 gesta
514 1640 560 1677 quae
569 1635 630 1667 nutem
639 1628 695 1668 habet
703 1628 721 1668 in
732 1627 772 1671 Ge·

175 1687 216 1747 nest
227 1689 249 1728 de
258 1689 315 1729 rebus
324 1697 366 1728 ante
375 1690 393 1727 se
401 1688 488 1740 per-retis,
503 1702 513 1727 e
523 1690 648 1730 monumentis
661 1690 771 1740 quibusdam

174 1750 311 1801 antiquioribus
319 1750 396 1789 srrmsrsse
405 1750 445 1790 iure
455 1751 542 1791 creditur.
572 1753 625 1807 Quae
634 1752 652 1790 in
661 1751 737 1802 reliquis
742 1750 769 1797 V.

173 1814 201 1855 T.
211 1812 263 1852 libris
272 1820 373 1852 occurrunt
382 1810 484 1863 historicis,
499 1811 584 1864 patrima
593 1813 714 1866 scriptoribus
722 1814 770 1854 eius·

174 1877 230 1922 dem,
245 1887 280 1925 qun
289 1874 320 1913 isse
329 1873 446 1919 aeciderunt,
462 1875 525 1914 aetatis
534 1875 635 1914 memoriae
646 1877 687 1915 sunt
696 1876 769 1926 tradita,

174 1936 240 1989 partim
249 1949 259 1974 e
268 1934 336 1975 tabulis
344 1934 422 1986 publicis
431 1948 441 1974 a
451 1935 514 1974 scribis
526 1936 569 1975 huic
583 1937 662 1989 negotio
678 1937 770 1977 destinatis

173 1998 194 2037 in
207 1997 291 2037 ordinem
304 2005 323 2036 et
339 1999 391 2048 saepe
405 1997 425 2035 in
441 1997 571 2049 compendium
585 1996 662 2040 reuatta.
698 2013 716 2039 nr
724 2014 739 2039 A
748 2014 770 2038 r-

174 2071 275 2099 runevs
289 2066 308 2098 et
319 2070 451 2100 murmures
459 2058 507 2099 vitre
516 2057 583 2098 Christi
589 2072 623 2111 per
632 2059 703 2110 atiquot
711 2073 770 2100 annos

174 2120 240 2166 tester,
256 2121 328 2170 quaein
339 2119 483 2172 ernngetiissnis
496 2127 655 2167 commemorant,
671 2121 703 2175 ipsr
717 2124 769 2162 vide·

173 2190 218 2222 runt
234 2189 253 2220 et
269 2180 383 2226 audiuerunt.
423 2195 523 2222 mnncvs
545 2195 627 2223 eueni
648 2191 667 2223 et
690 2196 768 2224 eveus

172 2256 249 2284 rnunr
260 2242 347 2292 itinerum
357 2244 435 2284 comites
447 2244 471 2283 ad
485 2244 579 2298 euangelia
594 2246 625 2286 sua
640 2245 770 2296 componenda

173 2305 251 2361 optimis
257 2303 339 2347 instrudi
347 2306 422 2347 suerunt
431 2305 520 2353 subsidiis,
548 2307 602 2367 Quae
611 2307 631 2348 in
641 2304 703 2351 Astis
712 2305 770 2362 Apo-

711 2365 770 2424 stolo·
