1702 2774
153 133 192 171 nn
210 114 392 172 nrnie'ronr
408 112 639 168 cynnrsrranass
665 119 695 174 85

138 244 140 248 ’
153 242 190 278 qne
203 235 277 273 tamen,
292 240 338 276 quac
349 227 447 267 Christiani
455 228 478 266 ad
487 225 549 266 lesum
562 222 655 275 applicare
663 224 694 261 so-

111 291 115 295 '
144 289 202 336 lent,
217 288 238 328 hi
252 287 363 341 posteriores
377 287 429 326 aliter
446 287 601 340 interpretantur,
621 280 694 325 acilii.

153 350 198 395 vid.
211 350 296 407 inprimis
310 365 361 394 ron.
377 363 528 394 cunrsrorn.
542 359 695 394 evannusun

154 428 191 456 L11
204 413 322 474 Telaigneo
332 413 427 457 Satanae.
444 413 620 464 Altdorfi11681.4.
635 413 695 452 Non-

154 478 222 517 nullie
235 476 336 517 christianis
346 473 478 528 interpretibus
489 476 552 531 plura,
564 475 595 513 alii
603 474 693 527 pauciora

153 539 173 577 in
182 540 224 582 Vet,
234 537 356 577 Testamento
369 537 467 578 inueniunt
480 536 503 574 de
514 534 588 574 Christo
596 535 693 577 vaticinia.

154 601 188 638 De
201 612 226 647 eo
237 600 293 639 ctiam
305 598 416 651 disputatur,
435 605 498 638 rtrum
510 595 598 637 vaticinia
607 596 651 635 haec
661 595 693 636 lit,

155 660 220 705 terali,
236 667 270 705 an,
286 660 318 699 nisr
334 661 410 709 omnia,
427 662 514 711 pleraque
527 665 602 703 tamen,
620 664 693 696 tantum

155 720 234 772 mystico
242 720 345 766 sensu‚·srue
355 733 388 772 per
396 713 621 763 accommodationemad
627 716 692 773 ¹Iesum

95 835 98 839 ι
152 780 371 845 ΙΕΙιῑίίὶυιῃῑεὶεῑαῃϊυπ.

335 882 352 943 p.
380 884 452 930 xcix.

153 965 272 1020 Religionem
282 964 396 1007 christianam
405 978 475 1009 aarum
485 972 504 1006 et
512 962 605 1008 dirrinmn
614 954 657 1013 esse,
666 962 696 1003 in:

96 1030 120 1069 de
129 1028 247 1081 perspicitur:
262 1027 305 1077 quia
313 1031 331 1077 ι)
339 1028 359 1067 in
365 1028 453 1076 omnibus
458 1041 500 1067 cum
507 1030 548 1068 sana
553 1026 626 1066 ratione
635 1032 654 1064 et
662 1038 696 1064 na-

96 1097 139 1130 tura
146 1089 228 1130 hominis
238 1087 340 1135 consentit3
358 1090 422 1128 saltem
434 1087 454 1127 in
467 1091 518 1128 nulla
529 1101 549 1127 re
562 1087 590 1127 illi
603 1093 696 1138 repugnat
721 1118 723 1122 ,

77 1180 80 1184 .
96 1149 227 1206 (pxxulll.
234 1148 348 1203 crucum:
358 1148 466 1207 namxetiam
474 1161 531 1200 pauca
536 1160 614 1205 eaquae
623 1153 697 1200 practer

97 1211 210 1261 religionem
220 1207 323 1247 naturalem
331 1210 406 1247 credere
412 1209 506 1255 iubemur,
515 1217 553 1247 tam
559 1207 609 1246 arelo
619 1220 698 1247 cumra-

97 1270 152 1322 liquis
157 1270 259 1312 cohaerent
266 1280 316 1307 nexu
325 1275 343 1307 et
351 1276 388 1308 tam
401 1276 451 1308 certa
464 1270 548 1308 nituntur
557 1269 601 1314 fide,
616 1276 637 1307 vt
650 1267 698 1306 nihil

97 1331 194 1386 impediat,
200 1342 237 1383 quo
247 1330 307 1370 minus
312 1332 388 1384 plenum
395 1330 418 1371 iis
426 1329 514 1372 assensum
519 1330 630 1379 tribuamus,
636 1327 699 1383 potest

98 1409 145 1450 ergo
153 1394 188 1435 esse
198 1393 264 1447 religio
274 1393 388 1442 uniuersalis,
397 1395 419 1453 2)
424 1396 475 1451 Quia
483 1404 536 1439 autor
545 1395 584 1435 eius
593 1393 654 1434 multis
664 1393 699 1433 mi-

30 1455 31 1458 '
98 1457 340 1508 raculissuamlegationem
348 1457 431 1497 diuinam
441 1457 565 1499 confirmauit.
580 1459 700 1496 Fueruntau-

98 1527 138 1559 tem
147 1518 193 1559 haec
202 1518 289 1557 miracula
297 1530 349 1567 vera,
357 1531 395 1558 non
404 1508 453 1568 filla)
462 1531 501 1558 non
514 1517 575 1565 clam,
590 1519 622 1557 sed
635 1530 700 1559 coram

99 1579 163 1621 multis
173 1577 252 1631 peralta,
267 1579 316 1618 iuter
325 1592 371 1628 quae
382 1579 451 1619 eminet
460 1581 501 1623 lesu
512 1578 580 1620 Christi
589 1576 700 1621 resurrectio

99 1655 111 1680 e
125 1641 216 1687 mortuis,
235 1652 281 1690 ‘luae
289 1639 316 1678 uti
326 1647 344 1679 et
356 1640 428 1690 reliqua
436 1653 470 1693 per
480 1648 499 1680 et
507 1648 585 1692 propter
592 1639 645 1680 illum
652 1637 701 1679 satia

100 1702 185 1754 prodigia
197 1700 223 1739 ob
236 1699 363 1739 testimonium
376 1700 520 1752 Apostolorum,
534 1701 554 1740 in
569 1713 606 1751 quo
617 1697 664 1740 nihii
670 1701 702 1737 de·

100 1763 222 1811 siderandum,
231 1761 284 1799 omni
294 1761 330 1799 fide
338 1762 380 1800 sunt
393 1761 503 1814 dignisfima5
514 1773 553 1800 non
568 1774 615 1814 ergo
628 1762 702 1801 tautum

101 1824 149 1867 olim
163 1830 205 1878 apta
216 1829 267 1864 erant
279 1822 302 1863 ad
315 1822 425 1877 religionem
437 1823 486 1865 hanc
498 1821 605 1864 hominibus
616 1836 640 1877 eo
654 1830 703 1865 tem·

102 1902 150 1941 pore
159 1896 178 1929 rt
186 1890 240 1937 loco,
256 1886 324 1938 quibus
332 1887 378 1927 haee
389 1888 508 1941 acciderunt,
524 1886 632 1929 uiuentibus
647 1899 704 1929 com·-

101 1951 236 1992 mendandam:
252 1950 284 1988 sed
293 1949 348 1989 etiam
357 1949 419 2002 postea
432 1951 511 1991 eundem
522 1950 640 1992 retinuerunt
648 1951 704 1990 vsum

103 2018 123 2050 et
133 2012 193 2050 adhuc
200 2023 339 2063 nuncmagnam
346 2010 416 2051 habent
424 2012 464 2052 vim
473 2012 496 2051 ad
503 2012 575 2051 firmam
589 2012 612 2050 de
620 2010 705 2051 dorltina

105 2071 202 2111 christiana
216 2073 352 2123 persuasionem
366 2073 450 2113 veritatis
467 2072 549 2112 studiofis
562 2074 705 2125 procurandam.

103 2134 128 2189 3)
139 2133 189 2187 Quia
196 2132 264 2184 religio
276 2133 373 2173 christiana
381 2135 466 2184 antiquae
475 2133 592 2183 reuelationi‚
607 2134 708 2184 quamVe-

105 2201 135 2233 tus
146 2192 288 2235 Testamentum
296 2194 425 2247 complectitur
434 2203 453 2234 et
462 2194 561 2249 praecipue
566 2196 658 2236 vaticiniis
663 2208 708 2247 pro-

105 2255 203 2313 puetarum
209 2256 232 2298 de
238 2268 297 2314 regno
303 2254 382 2305 Meffiae
388 2272 412 2303 ex
417 2256 458 2364 pisse
466 2259 566 2315 respondet
571 2261 596 2314 (l.
601 2258 708 2367 XClequ),

267 2357 269 2359 .
447 2334 460 2380 3
683 2335 709 2366 ou
