1702 2774
102 196 106 208 ι
220 182 259 219 nr
278 180 405 231 onutue
428 178 584 216 saturis.
672 181 710 229 ²¹3

91 281 173 334 impellit
186 279 210 319 ad
226 279 367 321 omnebonum
387 278 514 331 peragendum
532 277 592 316 Rorn.
607 274 637 326 V,
655 273 704 330 '1·5.

91 358 104 386 α
114 343 165 383 Petri
175 342 191 389 l,
204 354 227 395 ς·
234 355 254 397 7.
286 342 417 383 Excluduntur
426 341 446 380 in
455 340 588 382 iustificatione
596 337 647 378 bona
656 351 702 391 ope.

90 406 265 455 raRom,111,28.
281 406 322 449 Gal.
332 404 362 451 u,
370 406 398 446 16.
408 411 427 442 et
435 402 565 456 intelliguntur
576 401 645 455 partim
655 413 702 453 ope·

89 481 110 506 ra
119 467 165 521 legis
174 474 252 507 enter-na
261 475 280 506 et
290 475 363 507 tantum
373 465 461 517 opinata,
478 465 545 516 quibus
554 464 620 506 Iudaei
628 464 700 518 gloria-

89 528 171 578 bantur,
188 529 256 582 partim
269 528 317 569 falla
328 527 349 567 in
362 528 381 567 se
393 527 444 567 hona
457 536 511 567 antea
524 526 611 584 peratiae,
628 527 641 575 [ι
655 527 699 579 quis

89 593 144 633 nimis
157 592 194 633 illis
205 592 287 632 'confidit
300 599 318 631 et
332 591 384 631 suam
398 603 437 641 non
455 589 538 645 agnoscit
555 591 698 643 infirmitatem

89 656 154 694 eadem
163 663 238 702 tamen,
254 666 322 706 nempe
331 666 387 694 verae
395 662 464 701 notae,
480 653 613 705 requiruntur,
628 655 640 693 si
653 655 697 705 quis

90 717 113 754 de
122 715 253 755 iustificatione
263 717 294 756 sua
302 715 349 756 uelit
358 716 393 756 esse
404 724 466 756 certus
479 715 553 765 laeli,
573 729 603 770 17.
617 721 644 764 18.
660 728 696 769 24.

87 778 123 817 Per
132 771 281 819 iustificationem
290 778 353 820 homo
361 779 451 831 recipitur
459 777 479 817 in
492 777 571 831 gratiam
583 778 623 818 Dei
634 779 695 821 Rom.

87 839 116 885 V,
130 853 144 879 1.
154 853 165 879 a
174 842 223 880 mala
231 841 343 880 conscientia
351 840 441 880 liberatur
450 839 512 883 Hebr.
523 840 549 886 X,
562 850 596 881 22.
606 840 640 879 filii
648 842 694 880 loco

85 901 177 947 habetur,
193 902 226 952 qui
234 902 310 951 quaeuis
319 902 370 942 bona
377 911 397 942 et
404 902 454 942 inter
466 916 488 941 ea
501 902 559 942 vitam
574 909 668 941 aeternam
681 915 694 941 a

86 963 131 1001 Deo
141 964 214 1014 sperare
223 960 278 1015 poffit
286 963 327 1015 ioh.
338 964 354 1009 l,
370 975 398 1006 ro.
413 965 535 1010 Rotnvffl,
554 977 624 1018 14·17.

107 1026 179 1078 'Aliter
189 1038 210 1063 ae
219 1025 342 1070 protestantes
356 1025 506 1066 iustificationem
516 1025 608 1065 deliniunt
621 1027 695 1065 Roma-

139 1099 182 1125 —no-
190 1086 284 1127 Catholici
293 1100 371 1136 eamque
381 1094 454 1138 ponunt
464 1086 483 1127 in
497 1087 566 1127 mentis
578 1086 693 1132 mutatione,

146 1159 182 1196 qua
192 1147 252 1186 homo
266 1150 287 1186 fir
300 1148 356 1187 iustus
370 1147 383 1186 i.
398 1161 415 1190 e.
429 1148 491 1187 bonus
505 1156 524 1187 et
536 1147 584 1199 pior,
617 1148 693 1187 Volunt

145 1221 225 1261 nempe,
241 1209 322 1248 verbum
331 1205 439 1262 afinitate
447 1211 501 1260 saepe
512 1221 587 1259 quoque
600 1208 652 1248 idem
660 1221 694 1248 va·

147 1269 197 1323 lere,
212 1272 264 1323 quod
273 1271 341 1311 iustum
352 1271 440 1319 reddere,
455 1270 484 1311 vti
492 1272 525 1314 les.
536 1280 587 1318 Lllla
603 1285 627 1315 n.
643 1270 695 1310 Dan.

144 1344 191 1382 ΧΠ,
206 1347 224 1391 3.
237 1338 294 1376 Rom,
304 1343 360 1385 Vffl,
379 1347 412 1383 30.
428 1350 435 1376 1
447 1335 493 1379 Cor.
508 1342 543 1381 VI,
556 1347 580 1377 11.
601 1334 641 1375 Tit.
655 1340 693 1385 ΠΙ,

144 1411 165 1452 7.
180 1400 241 1452 Apoe,
251 1406 315 1445 xxfl,
332 1413 356 1445 u.
366 1406 385 1438 et
392 1412 431 1439 non
441 1400 480 1439 sola
487 1399 524 1438 fide
532 1396 630 1440 hominem
640 1394 693 1458 iusti-

144 1461 206 1508 ficari,
220 1462 251 1500 sed
262 1462 318 1501 fidem
328 1468 400 1501 tautum
411 1461 447 1501 esse
457 1461 540 1515 primurn
550 1474 598 1515 opus
611 1462 693 1510 bonum,

145 1524 196 1573 quod
205 1527 258 1575 plura
268 1524 303 1563 alia
315 1524 368 1573 sequi
378 1524 465 1565 debeant.
502 1523 601 1564 Tribuunt
616 1536 693 1575 quoque

144 1586 200 1625 bonis
213 1585 306 1637 operibus
316 1586 418 1635 metitum,
439 1585 525 1637 quamuis
538 1586 612 1634 dicant,
629 1585 694 1635 honri·

143 1661 188 1687 nem
201 1648 269 1700 gratis,
296 1647 333 1686 siue
347 1648 383 1686 line
395 1648 477 1695 merito,
501 1648 602 1690 iustificari.
640 1648 693 1689 Cum

144 1721 281 1751 rvrurnvs
297 1716 316 1748 et
328 1710 395 1760 reliqui
407 1711 543 1750 reformatores
555 1709 693 1750 animaduerte-

143 1779 197 1816 rent,
204 1808 206 1812 ,
214 1784 238 1810 ex
248 1771 338 1822 opinione
348 1772 370 1810 de
380 1771 452 1811 meritis
461 1771 556 1811 bonorum
570 1785 650 1824 operum
660 1785 693 1812 or-

144 1841 172 1871 tas
182 1829 219 1871 effe
227 1831 365 1884 indulgentias,
380 1845 413 1878 ea,
434 1845 480 1881 quae
495 1833 519 1870 de
531 1833 614 1872 hominis
626 1832 694 1871 instifi-

144 1893 218 1933 catione
231 1901 276 1932 tunc
289 1893 417 1940 docebantur,
438 1893 546 1946 diligentius
558 1894 693 1934 examinabant

144 1965 163 1996 et
175 1956 275 2010 praecipue
288 1956 367 1997 Paulum
380 1956 448 1996 ducem
461 1955 520 2010 secuti
533 1955 692 2004 iustificationem,

144 2018 338 2071 quaelitperfidem,
355 2018 529 2065 alantiifreatione,
549 2020 572 2059 ad
586 2033 642 2070 quarn
656 2020 693 2059 bn·

143 2094 213 2120 nortun
227 2093 306 2132 operum
319 2081 423 2131 requiritur
434 2081 527 2126 studium,
547 2081 693 2135 distinguebant.

143 2143 213 2192 Neque
221 2142 258 2182 fine
267 2143 320 2182 eausa
333 2142 389 2183 bonis
401 2143 503 2196 operibus,
519 2135 567 2193 quae
580 2150 627 2183 tunc
638 2143 694 2183 iatiu-

144 2197 224 2257 bantur,
241 2217 288 2255 quae
297 2218 308 2245 a
317 2218 362 2245 vera
374 2205 445 2245 virtute
458 2207 515 2257 longe
530 2212 582 2245 erant
594 2205 654 2245 aliena
666 2212 694 2245 at-

146 2279 182 2317 que
191 2279 230 2306 non
239 2268 270 2308 nili
285 2267 434 2320 superstitionem
446 2266 569 2317 redolebant,
591 2281 648 2307 omne
662 2268 694 2307 de-

146 2329 244 2372 trahebant
257 2331 346 2387 pretinm,
390 2330 441 2390 Quia
454 2344 503 2372 vero
514 2344 576 2385 neque
588 2329 642 2383 ndei,
658 2343 695 2382 qua

387 2397 434 2453 03
633 2395 694 2437 homo

622 2548 645 2590 *a
