1702 2774
141 104 180 141 nra
204 81 385 139 nnnraroun
411 92 602 133 undenum.
648 96 675 142 ¹9

74 202 137 244 omnia
145 201 163 239 in
173 201 211 242 hoc
218 195 289 234 mundo
300 192 334 232 esse
344 200 386 243 apte
395 194 491 246 disposita,
508 202 546 243 tam
557 190 614 240 iniis,
626 205 672 243 quae

74 271 136 304 tntum
146 256 239 307 quoddam
249 254 370 298 constituunt,
388 260 409 292 vt
422 254 497 305 systema
506 254 558 303 solis,
574 251 626 292 orbis
636 261 673 292 ter·

74 333 147 368 rarum,
164 316 284 357 animantium
296 321 387 366 corpora,
400 312 476 354 arbores
487 323 505 355 et
517 319 603 370 plantae,
617 327 674 366 qnam

74 388 93 427 in
102 384 136 429 iis,
151 394 197 433 quae
208 381 226 420 se
235 378 317 419 inuicem
327 378 476 427 consequuntur,
491 386 512 418 rt
525 379 568 420 anni
577 378 674 432 tempesta-

42 488 44 491 ,
74 458 113 496 tes,
126 445 240 483 incrementa
256 455 275 481 et
288 441 406 479 decrementa
421 438 513 480 variarum
525 455 587 482 rerum
599 451 673 483 natura-

73 509 131 558 lium3
154 504 221 544 deinde
235 505 314 543 alterum
327 501 415 541 inseruire
430 500 470 541 vsni
482 502 557 542 alterins
570 510 589 542 et
600 507 673 558 semper

74 569 128 610 aliam
141 579 182 605 rem
196 564 231 603 esse
244 570 321 615 propter
335 563 388 601 aliam
403 575 452 615 ug,
464 562 507 602 solis
520 565 601 603 calorem
613 573 673 607 terrae

74 628 223 671 foecunditatem
237 631 256 663 et
268 624 367 663 homiuum
381 628 435 673 atque
452 624 537 663 omnium
551 624 673 667 animantium

69 691 125 730 ,vitae
139 686 298 726 conseruationem
310 696 435 737 promouere;
453 689 480 734 2)
493 693 514 723 vt
527 694 580 724 extra
593 686 673 727 dubium

74 756 165 804 ponatur,
182 746 268 786 ordinem
284 745 334 783 hunc
347 757 385 783 non
399 744 482 783 absolute
497 745 628 792 necessarium,
642 749 674 787 sed

75 811 215 861 contingentem
229 806 276 855 eise,
292 805 310 843 id
324 805 374 855 quod
387 818 425 844 non
439 807 498 844 solum
513 819 536 846 ex
549 808 621 846 summa
634 810 674 847 eius

74 872 164 914 varietate
178 877 197 911 ct
213 867 348 922 conspiratione
366 868 388 908 ad
400 867 480 909 uniuersr
494 877 619 921 concentum3
642 871 674 911 sed

75 937 131 978 ctiam
139 947 163 974 ex
171 936 235 987 legum
245 940 318 979 motus,
335 931 384 971 vnde
392 932 408 971 is
417 931 465 971 ordo
474 933 553 984 pendet,
569 928 633 973 indole
642 947 674 974 co·

75 997 176 1053 gnoscitur.
212 996 249 1035 His
261 1002 314 1034 antea
324 994 388 1032 debito
400 995 458 1033 modo
469 995 580 1046 constitutis,
595 997 674 1037 omnino

13 1062 14 1067 ’
76 1060 131 1100 huius
144 1057 208 1096 mundi
220 1057 267 1095 ordo
276 1063 295 1094 et
304 1068 367 1093 rerum
375 1056 420 1093 fines
433 1064 485 1093 certo
498 1057 540 1093 sunt
552 1057 674 1105 documento,

76 1121 112 1159 eile
122 1118 214 1168 quendam
222 1115 277 1154 huius
287 1115 357 1153 ordinis
370 1121 388 1153 et
402 1127 461 1153 nexus
473 1114 625 1167 sapientiffimum
638 1121 677 1159 Au.

76 1189 137 1221 torem
146 1189 225 1226 eumque
235 1183 255 1215 vt
264 1178 357 1214 summum
365 1175 430 1214 Deum
443 1176 569 1215 venerandum
579 1178 623 1220 esse.

108 1242 247 1290 Argumentum
257 1237 293 1275 hoc
302 1248 336 1287 pro
347 1235 444 1288 existentia
455 1236 504 1283 Dei,
520 1245 541 1276 ut
548 1240 571 1276 ad
586 1239 677 1289 plurimo·

137 1311 179 1337 rum
199 1305 273 1348 captum
292 1296 373 1335 maxime
389 1297 562 1343 accommodatum,
587 1301 640 1339 alteri
653 1314 677 1341 ex

116 1389 118 1391 >
138 1358 204 1398 mundi
212 1356 339 1408 contingentia
352 1358 452 1406 depromto
465 1358 550 1396 nonnulli
562 1361 678 1410 praeierunt,

136 1419 184 1460 inter
197 1431 244 1469 quos
261 1418 286 1458 est
301 1431 356 1462 surr.
387 1430 530 1464 erimannus,
555 1421 606 1463 euius
620 1422 676 1464 lube.

138 1495 180 1523 mus
190 1479 343 1540 Disputationes
351 1478 375 1524 dc
381 1478 425 1524 Deo
435 1479 589 1538 etproniu'entiu
598 1482 676 1529 diuina.

138 1546 289 1600 Londini1673.
300 1545 319 1584 in
329 1560 351 1596 4.
362 1545 429 1595 editae,
444 1545 475 1594 qui
489 1553 550 1585 nmen
561 1548 579 1586 in
590 1561 677 1599 coerrat,

140 1608 191 1658 quod
209 1615 332 1661 argumento,
351 1621 374 1646 ex
389 1607 515 1658 contingentia
532 1611 596 1650 mundi
615 1612 677 1660 dotto,

141 1671 213 1708 caustrm
223 1669 297 1718 quidem
306 1668 385 1718 aliquam
395 1668 466 1712 mundi,
482 1679 591 1710 nouantem
600 1675 678 1714 eandem

141 1730 277 1782 intelligentem
292 1730 339 1778 csse,
362 1729 423 1769 euiuci
435 1729 540 1771 arbitratur.
577 1734 678 1777 Stultitium

140 1792 287 1844 Epicureorum,
305 1791 337 1840 qui
350 1790 476 1830 admirabilem
489 1804 551 1830 terum
564 1805 679 1837 concentum

142 1853 162 1891 in
179 1852 216 1890 hoc
233 1852 304 1891 mundo
317 1851 437 1903 conspicuum
451 1851 538 1891 fortunae
549 1854 594 1892 lusui
609 1856 680 1896 tribue.

142 1914 195 1957 bant,
210 1913 276 1952 merito
288 1912 354 1951 irridet
364 1909 491 1952 ercalinde
500 1921 576 1954 tratura
585 1912 680 1959 Deorum

142 1973 185 2013 Lib.
198 1986 220 2014 11.
231 1987 246 2016 c,
255 1986 286 2029 37.
318 1973 358 2028 Qui
371 1973 415 2012 ideo
425 1970 486 2011 nullos
498 1986 559 2012 rerum
568 1978 680 2021 naturalium

144 2035 189 2073 fines
199 2037 298 2089 agnoscere
308 2037 386 2083 voluut‚
402 2035 473 2086 quoda
487 2034 587 2077 necetlrtate'
601 2042 680 2091 quadarn

78 2106 80 2109 ’
138 2099 205 2151 ιοιηηῐς
218 2100 267 2140 ordo
286 2104 304 2139 et
318 2112 377 2140 nexus
389 2098 408 2139 in
421 2098 492 2140 mundo
506 2099 680 2147 animaduertendus

144 2162 248 2214 pendeant,
267 2175 304 2203 nou
316 2162 429 2215 distinguunt
438 2158 562 2204 neeeffitatem
574 2164 681 2219 hypotheti.

144 2235 184 2264 carn
194 2223 218 2265 ab
231 2224 327 2274 absoluta,
346 2237 423 2276 quarum
435 2225 500 2277 prior,
518 2227 596 2278 quaein
610 2232 680 2270 mundo

380 2286 425 2328 Be
618 2292 682 2335 locum
