1702 2774
122 111 160 148 DE
181 108 363 165 Rumtomu
382 101 602 146 CHRISTIANA.
625 106 667 160 107

72 213 112 248 turn
123 205 247 260 argumentis,
263 217 300 244 non
311 200 372 244 autern
379 206 444 255 minis,
461 205 559 264 conuiuis,
575 208 639 259 poenis
648 217 667 252 et

21 297 23 299 v
71 270 127 310 armis
136 269 250 307 inerrantes
263 266 391 321 pugnandum
410 268 422 305 sr
436 282 480 309 varo
494 269 580 309 homines
592 269 667 320 quidam

71 329 167 382 religionis
176 329 253 370 obtentu
262 329 354 382 publicam
367 327 442 367 turbent
453 331 602 381 tranquillitatem
613 339 632 372 et
644 334 667 373 ad

71 390 181 431 seditionem
191 404 256 432 eorum
265 389 345 442 speuent
355 389 462 436 molimina,
477 392 608 443 imperantium
623 395 667 444 esse,

72 453 179 505 prouidere,
197 467 220 493 ne
231 453 275 502 qnid
284 449 387 502 respublica
398 449 503 490 detrimenti
511 453 534 491 ab
547 455 582 495 illis
594 458 667 510 capiat3

70 516 99 569 4)
109 519 155 554 male
168 527 222 567 agere
237 514 323 552 ordinem
336 510 486 558 ecclesiasticum,
498 511 515 551 s
529 517 665 567 magistratuum

70 585 102 616 aut
115 573 173 615 totius
186 574 270 613 ecclesiae
285 573 325 612 iura
340 573 372 614 nbi
385 573 479 613 vindicare
495 574 576 623 studeat,
601 590 665 622 contra

71 645 117 676 tunc
126 637 202 675 demum
210 634 245 675 esse
253 635 375 683 laudandum,
389 635 400 673 fi
409 635 428 674 in
441 636 530 686 obsequio
539 638 621 680 summae
632 655 665 694 po,

70 698 130 738 testati
141 697 248 751 praestando
258 696 297 737 aliis
307 697 327 736 srt
337 699 430 748 exemplo.
454 698 507 737 Licet
517 712 563 739 vero
573 714 611 742 uon
619 705 665 745 seua·

43 769 45 772 ·
70 773 104 813 per
116 773 180 799 omnes
188 760 323 816 resormatores
332 758 400 796 horum
406 757 539 811 principiorum
548 762 618 804 suerint
627 778 665 805 rue.

70 835 133 863 mores
147 821 206 871 iisque
219 819 351 860 conuenienter
365 820 448 872 egerint—3
469 821 511 861 satis
524 829 586 870 tamen
600 824 665 876 liquet,

71 895 116 928 eos,
131 882 163 921 nist
173 882 235 922 causae
248 883 289 921 suae
304 893 371 920 nocere
383 883 462 931 vellent,
482 885 576 925 uelatum
590 886 666 936 quidem

69 957 152 997 unguem
166 944 189 983 ab
200 944 236 983 illis
248 942 333 983 recedere
347 939 455 996 oportuisse,
503 946 523 984 ln
537 958 605 998 genere
619 961 665 988 nero

70 1006 190 1058 cogitandum
199 1005 234 1055 est,
250 1005 382 1045 reformatores
391 1004 445 1044 fnisse
455 1005 540 1045 homines
554 1020 588 1047 nac
602 1010 666 1050 omnia

69 1066 130 1107 statim
147 1067 210 1106 uidere
225 1076 243 1105 et
256 1066 354 1105 emendare
367 1065 456 1116 potuisse,
477 1079 523 1115 quae
536 1071 665 1112 emendatione
692 1105 694 1107 .

68 1128 179 1180 indigerent.
210 1127 311 1176 Nunquam
323 1125 378 1165 etiam
387 1125 420 1164 srbi
432 1128 575 1181 persuaserunt,v
588 1132 619 1170 sua
632 1133 666 1170 do·

70 1188 130 1228 ‹firina
140 1189 189 1238 quasr
198 1188 298 1228 terminum
309 1186 344 1224 esse
353 1187 439 1237 positum,
453 1190 501 1227 vltra
508 1201 562 1237 quem
572 1190 591 1230 in
598 1193 666 1234 verita·

70 1249 94 1289 tis
103 1249 247 1302 perscrutatione
255 1248 342 1301 progredi
351 1260 388 1286 non
397 1248 467 1292 liceret,
498 1246 558 1292 bidei
569 1251 668 1311 comm,

69 1324 116 1359 ares,
131 1318 208 1361 quarum
218 1312 294 1350 fuerunt
303 1317 384 1356 autores,
401 1322 444 1349 eum
452 1318 523 1351 tanturn
532 1312 550 1351 in
560 1314 615 1353 finem
625 1318 666 1357 sunt

70 1371 177 1418 contestu,
192 1379 214 1416 vt
228 1370 315 1410 omnibus
327 1370 450 1421 declararent,
470 1372 514 1422 quid
528 1373 550 1412 de
563 1376 666 1428 praecipuis

71 1433 167 1486 religionis
177 1432 282 1472 christianae
292 1431 382 1484 capitibus
389 1432 477 1473 sentirent
484 1442 503 1474 et
515 1433 610 1485 inquibus
623 1451 667 1481 cum

70 1495 145 1534 ecclesia
158 1495 243 1537 Romana
256 1494 359 1534 consentire
373 1506 411 1532 uon
424 1491 508 1548 possent,
527 1509 565 1536 uon
577 1511 624 1538 vero
637 1513 667 1541 eas

70 1557 89 1597 in
100 1556 188 1596 omnibus
198 1558 259 1607 legem
269 1555 405 1593 credendorum
418 1565 526 1608 perpetuam
539 1558 575 1600 suis
589 1560 666 1612 posteris

71 1619 132 1657 datam
142 1617 177 1658 esse
190 1620 295 1657 voluerunt.
332 1615 381 1654 Cum
397 1617 453 1668 igitur
465 1619 556 1670 superiori
570 1633 588 1661 et
601 1622 666 1663 nostro

71 1677 134 1719 seculo
143 1679 162 1718 in
169 1679 233 1722 critica
242 1686 260 1717 ct
269 1674 371 1730 philologia
381 1678 430 1716 sacra
438 1683 496 1719 multa
504 1694 554 1719 noua
563 1692 581 1721 et
588 1693 630 1723 ante
639 1684 667 1724 in.

71 1741 145 1793 cognita
154 1742 195 1780 sunt
205 1738 286 1785 detesla,
306 1750 348 1777 euru
363 1738 381 1775 in
394 1739 446 1778 omni
460 1740 576 1792 philosophia
589 1757 667 1797 maguus

72 1798 167 1843 farlus'est
175 1800 291 1854 progressum
307 1812 349 1839 curn
362 1799 399 1850 ipsa
408 1799 487 1842 hostium
500 1801 598 1855 religionis
610 1806 667 1850 dubia

72 1858 186 1902 occasionem
196 1861 297 1909 dederunt,
313 1862 425 1910 quarundam
438 1873 612 1916 praeconceptarunr
627 1868 668 1920 opi.

71 1924 252 1965 nionumfalsrtatem
265 1922 397 1976 perspiciendi,
412 1922 479 1977 ingrati
493 1924 569 1966 essemus
582 1927 601 1967 in
614 1929 668 1971 beni.

71 1986 161 2038 gnitatem
173 1986 265 2032 diuinam,
284 1983 333 2022 sthis
342 1984 398 2024 bonis
408 1986 435 2025 vti
447 1988 545 2029 nollemus.
576 1989 623 2029 Nou
636 2004 669 2031 eu·

71 2047 128 2087 nanda
140 2047 184 2086 ideo
196 2047 222 2088 est
234 2044 357 2097 quorundam,
375 2053 460 2088 ueterum
474 2047 598 2089 sorutulacum
613 2051 669 2094 nimis

72 2108 172 2154 tenacium,
181 2111 284 2150 zelotarurn
293 2109 373 2157 querela,
389 2120 410 2146 ac
419 2109 430 2147 li
439 2122 448 2149 a
459 2108 517 2152 aruris
527 2109 668 2165 reformatori·

72 2166 117 2218 bus,
131 2169 154 2208 src
163 2168 212 2208 enim
224 2176 350 2211 ercomenon
361 2181 393 2207 eos
402 2179 479 2216 vocant,
497 2171 528 2220 qui
538 2174 615 2216 meliora
625 2175 669 2213 edo·

75 2231 99 2272 ui
109 2231 192 2287 pristinas
204 2232 291 2283 quasdam
300 2231 352 2272 salsas
362 2230 458 2289 opiniones
468 2232 561 2285 relicinae,
577 2237 670 2280 dirueren-

638 2307 669 2341 tut
