1702 2774
166 88 203 125 nn
222 85 407 125 eanremnn
424 66 619 135 narranaam.
670 90 697 138 35

86 186 194 230 christiana,
209 182 257 228 effe,
274 193 331 219 nemo
341 182 396 220 facile
404 185 506 236 negauerit
538 183 558 224 Si
567 182 608 234 qnis
616 185 654 223 sola
662 199 692 225 re-

85 249 155 302 ligione
166 243 245 284 naturali
255 241 282 282 est
290 250 400 297 contentos,
413 248 445 283 vel
455 247 505 295 qnod
514 248 583 286 nnllam
591 246 690 288 meliorem

85 306 188 359 cognonit,
199 306 230 344 vel
240 305 290 354 qnod
303 317 355 354 eam,
375 317 432 354 qnam
445 307 477 345 alii
489 309 587 348 meliorem
600 308 692 358 indicant,

85 368 172 409 examine
179 365 263 405 instituto
272 366 353 416 probare
362 365 438 415 nequir,
453 369 533 407 multum
542 370 642 421 praestabit
655 370 690 413 ho.-

84 430 156 469 minem
167 428 228 468 onmis
236 426 333 478 religionis
347 434 444 479 expertem
456 434 475 466 et
488 427 507 466 in
520 431 603 479 pluribus
614 432 690 473 virtuti·

85 490 131 536 bns,
148 503 172 530 ex
181 488 284 542 praeceptis
292 489 345 526 sanae
359 487 437 527 rationis
451 490 524 540 semper
538 491 631 543 vinendo,
646 502 689 547 pot·

84 552 121 592 erit
134 554 234 593 excellere.
275 550 296 588 ln
311 549 403 602 religione
422 563 530 600 quecunque
547 551 629 594 instituta
641 569 688 595 mm·

84 625 140 663 quam
150 625 189 651 non
197 610 331 663 respiciendum
343 610 368 650 est
377 612 400 651 ad
408 612 520 665 religionem
529 616 639 662 naturalem,
649 630 686 665 quo

83 673 143 726 magis
152 672 202 712 enim
211 685 254 711 enm
263 672 297 711 hae
306 674 408 722 consentit,
425 686 452 720 eo
463 674 489 713 est
502 674 569 714 melior
583 676 614 731 (ᾗ,
624 677 686 732 Xlll.)

15 758 19 763 f
83 736 142 775 Hrmc
153 748 196 773 com
204 734 295 787 religione
303 735 381 773 naturali
390 736 498 774 consensum
507 736 564 774 eriam
572 735 686 789 religionem

30 834 33 837 ,
84 796 201 838 christianam
210 795 292 837 maxime
301 796 445 844 commendare,
464 795 527 849 postea
538 796 650 839 videbimus¹

344 875 364 932 a.
396 876 428 922 nr,
567 864 568 869 ’

105 1000 110 1005 ,
144 958 176 1000 De
192 954 297 1017 religionis
312 954 416 999 azatnrolis
425 955 550 1012 praemetiri
564 970 602 998 non
618 960 687 1002 eorlem

10 1020 16 1026 ⁸
82 1021 141 1062 modo
149 1020 231 1060 indicant
242 1032 313 1058 omnes.
341 1020 387 1058 Eam
400 1020 459 1057 solam
471 1032 536 1058 veram
551 1028 570 1059 et
583 1018 685 1071 perfettam

84 1082 121 1121 esse
136 1081 252 1120 contendunt
264 1078 399 1123 Nammores
434 1080 504 1118 Veram
519 1079 595 1128 quidem
609 1094 650 1121 eam
667 1089 686 1122 et

83 1138 198 1194 perfellam,
213 1139 347 1179 reuelationem
355 1147 417 1178 tamen
427 1139 509 1178 diuinam
517 1140 571 1178 valde
581 1141 645 1181 vtilem
655 1155 688 1195 ge·

84 1204 125 1243 neri
133 1201 216 1241 hnmano
226 1200 295 1240 habent
303 1200 346 1248 alii,
363 1200 405 1250 qnia
413 1213 452 1239 non
460 1201 502 1239 satis
513 1200 535 1239 ad
545 1214 578 1248 ea,
599 1215 646 1252 qnae
661 1206 688 1244 sa.

84 1278 108 1304 na
117 1263 218 1316 praecipiat
230 1262 289 1307 ratio,
304 1259 389 1313 plerique
402 1262 500 1301 attendunt
513 1261 604 1304 homines.
640 1264 688 1314 Alii,
741 1271 745 1277 ⁸

84 1335 106 1365 vt
115 1338 137 1364 eo
148 1324 206 1376 magis
219 1323 354 1363 reuelationem
368 1326 459 1362 extollant
473 1322 566 1370 diuinam,
582 1324 637 1364 nimis
651 1328 687 1365 ele-

85 1394 130 1426 uant
138 1384 234 1437 religionis
243 1384 331 1423 naturalis
340 1383 439 1424 Vtilitatem
449 1397 525 1433 eamque
535 1384 576 1435 post
585 1386 653 1425 Adami
661 1389 688 1426 la-

84 1449 139 1501 psum
150 1448 189 1485 fere
198 1458 275 1485 omnem
283 1447 334 1485 snam
342 1445 475 1498 dignitatemet
483 1446 601 1486 autoritatem
610 1444 688 1489 amifiise

86 1509 205 1550 arbitrantur.
237 1507 369 1547 Prudentiores
382 1516 443 1547 antem
454 1507 502 1546 inter
511 1507 623 1560 'I'lieologos
631 1522 690 1561 agno-

86 1573 152 1618 scunt,
168 1582 202 1608 nos
212 1568 303 1621 religione
314 1570 404 1616 naturali,
418 1578 456 1608 tam
471 1569 494 1608 ad
507 1569 627 1609 renelationis
641 1571 689 1610 dioi-

86 1645 120 1672 nae
131 1632 228 1670 verterem
238 1629 410 1675 demonstrandam,
430 1642 485 1679 qnam
498 1631 521 1668 ael
534 1630 585 1671 illam
598 1631 648 1670 rette
660 1632 688 1670 in·

38 1700 42 1710 ‘
87 1692 206 1745 telligendam
217 1699 235 1731 et
243 1690 380 1743 applicandam,
395 1691 518 1730 nullomodo
531 1704 593 1730 cerere
605 1692 656 1744 poll'e
669 1699 688 1733 et

88 1753 173 1806 quamuis
184 1753 297 1798 concedant,
311 1765 352 1791 eam
361 1758 444 1804 exparte
454 1751 489 1791 efi'e
498 1750 633 1803 imperleclam,
641 1755 689 1793 sem-
720 1796 725 1801 ,Α

72 1840 75 1844 ι
86 1829 120 1869 per
129 1823 191 1854 tamen
204 1815 253 1853 illam
262 1820 312 1852 tanta
323 1813 407 1853 veritatis
421 1815 463 1852 luce
477 1813 556 1866 gaudere
569 1813 602 1853 fibi
616 1818 691 1868 persua·

87 1878 143 1924 dent,
168 1884 199 1927 vt,
223 1875 329 1928 praesertim
343 1875 356 1914 fi
369 1888 413 1915 com
430 1874 544 1915 renelarlone
558 1875 691 1928 compugnat,
724 1874 726 1878 ’

87 1938 185 1978 summisit
193 1937 248 1990 pretii
256 1945 274 1977 et
282 1943 394 1989 perpetuum
404 1936 488 1977 nostrum
499 1935 580 1986 requirat
588 1936 676 1979 studium.

100 2045 102 2048 ι
119 2017 150 2063 De
159 2014 338 2072 Netreealistermn
350 2016 422 2070 scriptis
435 2015 541 2058 conferatur
552 2015 693 2076 Encyclopee·

147 2074 183 2120 din
191 2078 253 2119 nostra
263 2075 373 2138 theologice
388 2080 407 2136 ᾗ,
416 2079 519 2120 CCCXLl.
533 2078 569 2121 litt.
583 2080 600 2120 d.
613 2082 693 2122 Renela·

148 2139 221 2179 tionem
230 2140 313 2179 diuinam
321 2141 386 2180 vtilem
397 2141 472 2190 quidem
480 2139 527 2188 esse,
541 2140 590 2181 nihil
599 2148 660 2181 tamen
669 2142 692 2182 ael

147 2200 259 2261 religionem
267 2205 369 2244 naturalem
382 2203 448 2242 addere
459 2208 512 2259 putat
520 2202 623 2246 armasio
635 2203 692 2249 libro,

259 2256 263 2268 ‘
380 2263 437 2327 „cz
579 2264 696 2322 §.rivin
