1702 2774
172 135 199 186 18
257 164 260 168 .
391 140 504 176 cnrvT
524 140 556 176 11.

175 236 320 277 consideratione
329 246 381 274 cerro
390 238 478 291 colligere
487 238 542 285 licet3
558 248 603 276 nam
612 244 630 277 et
638 248 673 276 nos
682 250 720 278 non
729 241 776 280 sem-

174 310 209 350 per
218 300 287 338 fuimus
297 309 332 334 nee
341 304 405 337 ortum
414 293 496 338 nostrum
506 296 561 337 nobis
570 298 660 337 debemus
671 307 690 338 er
704 301 776 350 reliqua

175 360 250 406 omnir,
266 370 312 408 quae
321 356 401 411 aspellui
414 359 477 399 nostro
491 364 563 410 patent,
583 359 625 398 sunt
637 360 775 422 contingentia

176 423 190 466 i.
203 437 219 464 e.
229 420 335 470 eiusmodi,
353 435 401 474 quoe
413 423 440 464 sui
454 423 525 463 causam
538 420 558 462 in
570 420 607 462 alio
621 421 709 468 habeant.
743 426 774 466 De

176 487 287 538 quibusdam
300 499 367 527 eorum
376 501 395 527 v.
405 501 423 541 g.
434 485 569 533 animantibus,
583 485 682 527 arboribus
692 497 710 528 et
723 486 775 541 plan·
817 529 819 533 Α

177 550 202 590 tin
210 561 235 587 ex
246 548 356 600 quotidiano
365 550 435 589 constat
443 551 487 596 vsu,
503 562 523 588 ea
531 547 555 588 ab
564 548 608 588 aliis
614 551 715 601 procreari,
731 564 775 590 eou-

175 610 286 664 tingendam
303 624 350 650 vero
365 623 444 657 eorum,
467 617 661 659 quorum'ortumet
678 612 775 652 interilum

176 685 273 722 nunquam
282 672 402 711 obseruamus
411 679 429 709 et
438 683 484 719 quae
495 670 619 711 constantiora
632 670 668 710 esse
680 673 775 719 videnlur,

177 734 206 772 vti
220 744 268 773 terra
281 731 341 771 nostra
352 738 371 769 et
387 743 466 782 corpora
478 731 529 771 coeli
538 731 621 777 maiora,
642 744 666 769 ex
680 736 775 774 nonnullis

176 791 323 838 mutationibus,
341 791 408 842 quibus
416 794 457 831 sunt
466 791 549 831 obnoxia
558 798 576 831 et
585 804 651 831 eorum
659 791 708 833 inter
716 795 734 833 se
743 807 775 833 ne-

177 867 205 900 xu
213 854 263 894 reue
271 853 362 905 cogimus.
395 852 491 908 Quoniam
500 865 546 893 uero
554 852 573 892 in
581 853 637 893 rebus
650 855 775 908 contingenti-

177 916 214 957 bns
223 914 327 971 progreffus
336 914 356 954 in
365 914 457 955 infinitum
466 917 528 955 locum
538 914 606 956 habere
619 916 693 967 nequit,
710 927 732 959 vt
746 930 774 958 ra.

177 981 249 1022 tionem
259 992 322 1019 earum
330 981 403 1031 plenam
412 978 489 1018 reddere
497 978 593 1031 possimus,
605 982 739 1033 recurrendum
748 980 774 1021 est

176 1044 201 1084 ad
209 1045 281 1083 causam
290 1041 380 1092 quandam
389 1041 468 1094 primam
477 1048 495 1080 et
504 1055 537 1094 per
544 1042 563 1080 se
570 1041 702 1093 suhfisteutem
717 1058 727 1083 a
737 1056 774 1093 qua

177 1118 242 1146 ornnes
250 1117 280 1145 res
290 1103 418 1155 contingentes
428 1112 514 1153 tauquam
523 1104 605 1143 exfonte
614 1105 694 1154 quodam
701 1106 733 1145 siut
742 1107 773 1144 de-

175 1167 270 1206 riuundae.
301 1165 372 1204 Seriem
380 1172 399 1203 et
408 1168 528 1216 complexum
537 1178 600 1204 rerum
609 1166 694 1205 omnium
702 1168 773 1206 contiu-

178 1229 273 1281 gentium‚
293 1239 339 1277 quae
352 1232 370 1264 et
382 1228 428 1267 olim
443 1227 531 1275 fuerunt,
551 1235 570 1265 et
583 1227 643 1266 adhuc
656 1228 708 1274 sunt,
724 1239 741 1267 et
753 1229 771 1266 in

176 1289 271 1340 posterum
280 1294 339 1336 erunt,
355 1284 454 1327 mundum
462 1299 550 1325 vocamus
560 1289 658 1325 et‘cansam
668 1301 730 1327 earum
740 1301 773 1338 per

175 1352 194 1388 se
203 1349 337 1395 subfistentem,
352 1348 424 1394 Deum,
441 1347 473 1394 qui
480 1346 523 1386 ideo
532 1359 569 1385 nou
578 1348 638 1398 potest
647 1360 684 1387 uon
693 1348 771 1395 existere

175 1417 194 1448 et
204 1417 268 1448 orrum
276 1409 307 1447 sua
316 1408 403 1447 amundo
416 1406 443 1445 est
452 1404 556 1450 dinei-lus?

205 1489 302 1531 Mundum
311 1502 321 1529 a
331 1490 376 1530 Deo
386 1500 423 1528 non
433 1486 468 1528 esse
477 1487 571 1528 dunum
579 1495 598 1528 et
610 1494 685 1530 naturae
692 1489 731 1530 vim
741 1503 771 1531 ae-

235 1563 307 1595 ternam
316 1552 408 1599 omnium„
417 1565 462 1602 quae
472 1551 563 1601 existunt,
575 1566 637 1593 rerum
647 1556 717 1593 eausam
729 1553 771 1605 esse,

236 1616 277 1670 post
286 1624 359 1655 veteres
368 1616 458 1664 quosdam
467 1627 578 1656 srruozn
588 1615 607 1654 in
621 1613 770 1674 operilusposd-

236 1677 303 1721 hermis
312 1679 395 1716 adserere
404 1676 494 1720 sustinuit.
526 1678 563 1717 Pro
572 1678 638 1717 eodem
649 1691 712 1718 errore
726 1692 770 1730 pro·

235 1749 305 1793 pugnat
313 1742 375 1778 Autor
382 1738 425 1777 libri
434 1738 505 1791 gallici:
521 1736 606 1794 Syfldme
618 1735 642 1780 de
654 1737 676 1781 la
688 1749 770 1782 nature.

233 1801 316 1842 Loudiui
324 1812 374 1857 1771.
383 1814 401 1842 2.
409 1799 494 1840 Partibus
502 1807 519 1850 8.
527 1801 546 1840 iu
555 1813 592 1850 quo
601 1802 700 1841 refutando
708 1804 769 1842 lauda·

230 1863 288 1902 bilem
305 1861 366 1913 posuit
382 1853 460 1912 ope'erarn
477 1874 529 1904 ron.
552 1875 769 1911 ensrrrurouovs,

233 1924 265 1973 qui
274 1922 331 1962 edidit
343 1917 482 1972 Observationes
486 1918 526 1975 fiir
539 1918 557 1964 le
564 1920 627 1964 Livio
639 1921 719 1967 intitul&
732 1921 768 1979 Sy-

228 1983 289 2039 ste'rrre
298 1980 322 2025 de
330 1980 439 2025 laniatura.
469 1982 552 2021 Berolini
563 1995 614 2039 1771.
622 1990 641 2033 8.

416 2060 432 2121 n.
463 2061 525 2106 mur.

230 2145 260 2186 Ex
273 2142 343 2189 ordine
359 2152 378 2186 et
389 2140 468 2200 finibus
482 2157 553 2188 rerum
567 2158 605 2187 non
621 2144 683 2188 minus
701 2147 768 2200 liquet,

167 2211 233 2252 Deum
242 2209 318 2250 existere
327 2220 345 2249 et
355 2210 446 2249 mundum
454 2207 493 2248 eius
504 2221 551 2261 opus
559 2209 601 2255 esse,
630 2212 661 2251 nd
674 2211 729 2252 huius
740 2225 767 2251 nr-

166 2273 251 2328 gumenti
259 2272 299 2313 vim
308 2272 444 2326 percipiendam
457 2271 569 2323 requiritur,
588 2273 606 2329 r)
617 2281 638 2315 vt
647 2262 766 2321 ostendatur,

701 2348 766 2376 omma
