1702 2774
167 111 212 182 ioq
302 134 304 136 ’
385 106 496 164 CAPVT
524 127 566 179 V„

170 234 191 271 et
201 224 243 282 post
248 225 316 277 aliquot
320 225 380 265 annos'
387 223 438 265 hunc
446 224 532 266 laborum
539 225 616 265 suorum
624 222 673 265 vidit
679 222 768 277 sinuum,

110 325 113 329 ,
170 279 193 330 ut
201 290 273 343 publiea
281 288 354 326 senatus
367 286 458 339 Tigurini
469 285 567 327 autoritate
575 285 665 340 imagines
673 300 683 325 e
693 289 769 340 templis

155 395 157 397 ,
173 354 281 392 tollerentur
297 359 315 389 et
333 349 389 401 missa
399 351 526 402 abrogaretur.
566 347 698 389 Adiumrerunt
713 350 731 387 se
751 349 770 388 ei

172 418 226 452 extra
238 411 333 462 Tigutum
343 408 374 451 alii
384 411 419 450 uiri
429 409 561 463 superstitionis
578 410 662 449 ecciesrae
672 412 770 452 Romanae

172 471 309 525 pertaesr‚inter
316 487 363 523 quos
373 474 469 526 praecipue
476 470 598 512 nominandus
604 470 630 509 est
638 485 683 511 rou
689 483 771 511 aurias

124 542 126 545 ’
172 546 405 585 OECOLamunanS,
420 534 492 575 antistes
500 532 613 579 atticenus,
625 537 706 583 quorum
715 546 773 585 opera

173 608 242 647 magna
254 596 355 636 Heluetiae
365 609 406 647 pars
416 597 439 635 ad
450 595 554 636 doebinam
562 595 585 635 ab
596 594 632 635 issia
641 594 727 634 traditam
734 608 773 634 am·
795 638 798 641 ,

173 647 291 708 psetiendam
304 656 329 695 cst
344 655 436 707 perantia.
473 657 517 694 Post
529 664 611 696 mortem
620 655 773 709 Zuvingsiiinter

173 717 286 763 Heluetios,
308 717 347 755 eius
365 714 449 764 ass'ecsas,
471 717 525 766 plane
541 716 615 767 mugnis
631 719 723 758 autoritas
736 718 774 757 suit

174 790 304 819 rorraruurs
316 790 437 825 cnnurnr,
452 776 535 815 consciae
550 784 569 815 et
582 776 654 816 scholae
663 780 774 817 Geneuensrs

175 852 209 894 per
218 841 297 891 longum
306 848 379 891 tempus
384 838 465 878 aarum
475 837 597 888 celeberrimi,
614 839 645 888 qui
655 839 718 878 mustis
723 853 775 890 prae·

177 900 231 939 elaris
244 901 315 952 scriptis
330 902 390 939 sacam
403 901 441 939 asiis
451 900 537 952 praetulit
547 901 569 938 ad
582 901 680 939 veritatem
692 900 775 940 diuinam

177 969 230 1001 antea
236 960 358 1010 obscuratam,
372 961 522 1013 perspiciendam.
544 973 695 1002 Turonouvs
705 974 776 1008 razn,

176 1030 277 1075 perpetuus
303 1023 343 1063 cius
365 1022 435 1062 amicus
462 1029 481 1061 et
502 1022 561 1062 fidesic
582 1022 655 1062 adiutor
677 1022 696 1061 in
718 1035 775 1075 opere

177 1083 215 1124 hoc
229 1085 362 1131 saturamine
376 1096 450 1134 quoque
463 1084 511 1122 hand
524 1096 600 1134 paruam
618 1082 688 1134 gloriae
705 1093 777 1134 partem
817 1114 818 1117 η

179 1145 286 1184 emendatae
299 1144 395 1197 reiigionis
409 1145 441 1184 fibi
450 1145 541 1190 uindicat,
555 1152 576 1183 ut
586 1145 609 1183 de
617 1145 656 1185 asiis
665 1145 789 1200 praestantis-v

179 1205 228 1245 simis
237 1206 294 1259 uiris,
314 1207 345 1256 qui
354 1217 398 1246 tnnc
410 1207 432 1245 de
444 1207 528 1246 ccescfiae
537 1207 658 1245 renouatione
672 1207 723 1245 bene
735 1209 777 1247 sunt

180 1268 254 1313 meriti,
272 1268 309 1307 iam
323 1268 367 1307 nihii
377 1269 464 1307 dicamus,
494 1268 543 1306 Tam
558 1267 777 1320 aWittenbergensrbus‚

181 1340 236 1376 quam
246 1328 346 1377 Heluetiis,
360 1328 428 1368 restior
441 1328 577 1367 credendorum
588 1336 607 1366 et
620 1331 741 1380 agendorum,
755 1331 779 1374 ad

179 1390 257 1428 salutem
270 1398 363 1429 aeternam
378 1388 676 1439 consequendamrequisiturum,
694 1391 777 1443 cognitio

180 1450 204 1488 ad
216 1452 278 1501 plures
290 1451 325 1489 iuit
337 1458 356 1490 et
364 1451 418 1489 breui
428 1459 512 1502 tempore
526 1451 565 1489 sere
579 1463 611 1501 per·
619 1463 684 1489 omnes
693 1453 778 1504 Europae

181 1511 286 1562 prouincias
291 1524 348 1559 noua,
357 1525 368 1551 a
376 1512 532 1551 reformatoribus
541 1513 658 1560 accensasurr,
666 1514 709 1552 suos
717 1514 779 1565 sparsit

182 1572 244 1611 radios
258 1586 336 1623 eamque
350 1567 431 1613 inusum
444 1574 496 1612 suum
510 1580 652 1625 conuerterant,
674 1573 779 1626 quicunque

183 1633 327 1683 prudentiorum
337 1634 412 1673 monitis
425 1640 510 1686 gererent
524 1646 602 1676 morem.

211 1693 285 1733 Notata
296 1694 390 1747 digniores
400 1696 508 1747 scriptores,
523 1695 554 1744 qui
567 1692 671 1747 auroram
681 1694 781 1752 rcflrrrua·

198 1787 201 1792 .
218 1752 220 1754 ’
240 1754 302 1797 tionis
314 1757 379 1796 litteris
393 1758 557 1808 consignauetunt,
575 1756 598 1794 ad
607 1754 780 1813 Errcpclopnediae

240 1814 361 1876 theologicae
373 1820 393 1868 ξ.
408 1827 538 1864 cccxxxvi
549 1817 584 1859 litt.
600 1819 659 1858 aeth
670 1819 780 1863 indicantur.

430 1877 446 1936 q.
478 1879 538 1921 CXH.

243 1936 280 1979 Vri
295 1941 347 1979 causa
366 1938 534 1994 Pacuuianum,
557 1941 581 1979 src
598 1940 647 1980 enim
666 1941 747 1993 primum
761 1941 781 1981 in

184 2000 292 2048 Germania,
308 2001 375 2040 deinde
389 2002 444 2041 eriam
458 2011 510 2042 extra
524 2002 644 2042 Germaniam
656 2002 719 2042 vocati
732 2005 780 2050 sunt,

184 2060 227 2108 qui,
243 2063 338 2103 erroribus
349 2062 434 2102 ecclesrae
444 2064 540 2104 Romanae
551 2063 663 2115 repudiatis,
679 2063 782 2105 dottrinam

184 2134 194 2159 a
211 2122 374 2164 Reformatoribus
394 2124 414 2162 in
431 2126 514 2164 medium
538 2126 629 2176 prolatam
648 2123 781 2177 probauerunt,

183 2182 326 2224 mustoshabuit
336 2186 419 2226 fautores
429 2196 447 2225 et
456 2186 565 2234 sectatorem
582 2186 605 2224 src
618 2200 655 2227 non
668 2200 736 2241 paruus
750 2199 782 2225 eo-

183 2256 238 2293 rum>
251 2246 283 2296 qui
299 2246 326 2287 illi
343 2249 493 2297 aduersarentur,
513 2255 552 2288 erat
568 2247 663 2294 numerus.
693 2247 780 2301 Inprimis

734 2309 782 2348 Pou-
