1702 2774
180 144 212 194 24
378 125 608 180 etantanto:

181 240 211 290 tis
229 237 365 301 eeclefiaes
379 254 394 289 a
411 241 485 291 cuius
499 238 613 307 partibus
628 242 737 310 quisque
750 244 801 307 stat,

179 328 220 379 vel
233 328 340 396 paulum
351 325 469 391 dissentit,
484 333 548 384 inter
562 331 668 380 manime
677 333 799 397 periculo·

180 414 219 469 sos
229 431 377 469 numeratur
386 418 490 470 errores
512 403 604 472 Multo
613 418 701 471 ardore
711 437 800 473 contra

178 520 222 555 eos
231 500 383 570 disputatura
396 510 452 575 qui,
466 510 501 559 uti
512 522 614 577 potant,
630 506 686 557 luce
695 509 798 560 clariona

177 591 262 643 videre
276 609 329 644 non
341 593 431 655 velint,
456 591 596 662 eorumque
610 583 752 663 opiniones,
767 613 797 648 ut

176 679 297 732 ridiculae
319 696 344 731 et
365 679 483 748 absonae,
507 686 669 748 exagitantur.
703 682 797 736 Descri-

177 770 274 822 buntur
283 769 426 836 adversarii,
446 789 475 823 ut
484 774 598 833 homines
609 771 716 842 infipidi,
741 791 796 841 per-

176 860 239 913 versi
253 861 389 930 multisque
399 847 539 913 onerantur¹
547 862 701 916 contumeliis
711 876 735 913 et
744 880 795 918 ma·

174 945 281 1012 lentati,
298 966 363 1018 quae
372 947 443 1000 facile
453 946 561 1017 aliouem
574 960 748 1001 commoveant
761 952 793 1004 ad

173 1035 610 1105 commerciumeommfngiendotn
620 1054 644 1090 et
653 1037 746 1103 adeon,
763 1054 794 1092 ut

172 1128 279 1196 pestem,
307 1125 462 1183 aversandos,
499 1128 562 1202 Qnis
586 1111 700 1193 mirans,
727 1146 792 1181 cum

172 1215 422 1281 tam-consuetomfit
431 1217 569 1286 plerisque,
585 1216 658 1269 valde
667 1217 746 1269 alieno
758 1218 794 1270 ab

171 1309 213 1367 iia,
233 1308 275 1374 qui
288 1324 302 1357 a
317 1305 373 1358 suae
387 1306 445 1361 fidei
459 1303 568 1355 formula
578 1302 728 1372 discrepant,
743 1306 791 1356 elle

170 1398 267 1459 animo,
290 1398 354 1448 inter
372 1376 480 1448 diversas
498 1394 647 1460 religionem
661 1396 788 1464 quandam
815 1427 821 1430 -

169 1484 344 1552 profitentium
360 1501 443 1552 partes
459 1484 553 1535 bellom
568 1486 683 1535 oninium
701 1500 788 1535 contra

169 1590 269 1638 omnen,
291 1575 358 1644 quafi
370 1577 396 1625 in
403 1576 465 1625 statu
475 1572 596 1626 Hobbefii
606 1573 712 1624 naturali
721 1577 787 1626 vive-

167 1679 230 1728 rent,
244 1663 444 1716 loenmhabere?
457 1663 525 1715 Olim
534 1664 560 1712 in
569 1661 786 1730 conciliiS,tnagno

166 1758 309 1805 animorum
319 1770 391 1804 moto
401 1769 425 1805 et
430 1751 574 1819 ingentibus
586 1751 736 1805 clamoribus
747 1770 785 1804 ac-

166 1847 208 1910 tia,
231 1844 300 1898 velut
308 1842 436 1917 claliicum
444 1841 619 1907 belliscontra
628 1859 715 1894 omnes
726 1842 784 1893 hae-

163 1937 255 1986 reticos
271 1933 387 1999 gerendi,
413 1931 561 1995 canebatur,
582 1931 700 1985 adversus
719 1937 783 2000 quos

163 2024 292 2088 catholici,
312 2024 361 2076 five
374 2024 418 2091 qui
428 2024 516 2072 maiori
529 2021 673 2088 gaudebant
682 2023 783 2091 potesta·

162 2205 275 2273 emplinn
282 2202 394 2253 ecciesiae
403 2217 505 2270 patrum
514 2204 587 2252 etiam
596 2203 651 2269 post
659 2198 779 2253 reforma-

161 2300 255 2349 tionem
277 2293 372 2346 acerbis
392 2292 454 2345 odiis
473 2290 585 2358 theologi
607 2280 780 2356 contra'alioS,

726 2398 777 2432 non
791 2430 794 2432 ,
