1702 2774
201 161 247 221 164
383 155 385 157 ’
414 164 526 201 carra*
544 164 585 199 rx.

208 272 256 309 Gen,
270 266 294 312 ll,
310 272 377 317 3-15,
401 260 426 313 4)
439 262 491 313 Eos,
505 261 601 314 postquam
612 268 678 302 contra
689 271 810 316 pracceptum

209 330 249 370 Dei
259 329 281 366 de
291 325 362 364 arboris
375 324 454 365 alicuius
470 323 531 364 srussu
543 336 581 362 uon
595 326 712 363 comedendo
727 326 811 378 egissent,

209 390 260 432 vina
273 387 306 427 nbi
317 386 428 428 contraxisse
442 388 490 426 mala
506 393 524 425 et
537 398 548 423 e
560 384 643 436 paradiso
656 384 724 425 eiectos
739 389 810 436 multis,

212 465 258 503 nure
268 459 322 489 antea
329 448 445 495 imbuissent,
458 447 513 487 bonis
526 446 607 487 caruisse.
641 448 736 503 Quoniam
750 463 811 490 narra-

211 516 239 555 tio
249 512 309 552 Mosrs
319 513 343 551 de
356 513 397 558 his,
417 513 463 562 quae
475 510 567 556 uiximus,
588 509 654 561 partim
668 509 688 549 in
700 502 825 560 quibusdam

212 577 267 616 ualde
276 574 350 623 breuis,
365 572 433 627 partim
442 570 535 611 intelledu
547 571 639 611 diffieilior
651 570 688 619 est,
705 572 787 612 diuersae
801 586 813 613 a

211 637 308 690 theologis
318 636 432 687 excogitatae
441 634 483 671 sirnt
491 632 602 683 hypotheses
613 635 636 673 ad
648 634 699 674 illam
711 637 812 687 explanan-

212 701 255 739 dam
264 705 282 736 et
291 694 424 736 illustrandam.
457 692 543 731 Maxime
557 703 618 733 autem
632 696 651 734 in
664 695 693 736 his
708 697 813 737 cauendum

212 760 252 806 cst,
274 771 297 798 ne
311 769 336 796 ex
352 761 488 809 praeconcepta
501 753 590 804 opinione
602 754 681 795 incertas
695 760 813 805 quorundam

211 819 339 867 coniesluras,
364 826 452 867 tanquam
464 814 507 856 fidei
520 816 619 867 dogmata,
639 816 658 855 in
672 818 738 867 quibus
754 821 812 858 totius

213 883 270 924 cardo
277 879 372 933 religionis
383 880 479 926 versetur,
494 875 627 928 aripreuannr
635 886 654 917 et
663 891 686 917 ne
700 880 770 919 nostras
778 880 812 920 hu·

212 946 242 986 ius
253 944 338 992 antiquae
346 940 434 981 historiae
443 935 604 990 interpretationes
618 940 775 990 transactamus,
791 950 813 982 vt

212 1017 290 1053 omnes,
303 1002 326 1043 ab
334 1003 371 1043 illis
379 1000 514 1047 dissentientes,
530 1000 628 1053 grauilfini
637 1004 705 1042 erroris
713 1015 756 1043 reos
771 1003 811 1043 exi-

210 1069 315 1109 stimernus,

243 1142 391 1202 Quacnonnulli
399 1150 486 1190 veteres,
502 1154 583 1192 quorum
596 1144 638 1182 loca
653 1140 671 1182 in
685 1142 812 1193 dissertatione

274 1220 317 1248 mea
325 1202 349 1248 de
357 1203 436 1263 origine
442 1202 524 1263 generis
535 1202 620 1245 hunni
632 1205 651 1259 d.
659 1214 722 1249 ΧΧΧ.
735 1207 812 1247 addusla

274 1272 373 1321 leguntur,
389 1263 464 1306 deseris
473 1265 579 1316 primorum
588 1265 684 1305 hominum
695 1268 779 1307 moribus
792 1276 811 1309 et

271 1340 339 1369 eorum
348 1329 410 1372 cultu,
426 1324 544 1366 abrutorum
553 1326 674 1364 animantium
686 1327 743 1366 lraud
749 1329 811 1369 diuer-

271 1394 305 1438 so,
320 1394 432 1435 memorant,
447 1387 470 1426 de
479 1387 566 1439 gentibus
575 1387 650 1437 quidem
660 1388 769 1436 quibusdam
779 1404 810 1430 arr·

207 1470 210 1496 ;
273 1450 398 1501 tiqnioribus,
414 1460 460 1498 quae
471 1448 491 1487 in
503 1447 569 1487 statum
582 1448 661 1488 feritatis
672 1449 705 1488 sint
719 1451 810 1503 delapsae,
834 1491 836 1494 ,

208 1523 211 1547 ἵ
232 1562 234 1564 ¹
271 1525 311 1553 non
320 1519 382 1551 autern
394 1511 417 1548 de
432 1508 496 1560 primis
509 1509 581 1561 generis
592 1508 668 1548 humani
681 1512 810 1552 conditoribus

274 1574 344 1614 valent.
373 1569 506 1610 Narrationem
516 1569 575 1609 Mosrs
584 1570 607 1608 de
616 1569 680 1620 primis
693 1571 809 1623 horninibus,

271 1642 344 1687 praeter
361 1638 518 1671 commentatores
531 1631 550 1669 in
564 1632 654 1678 Genesin,
676 1645 727 1675 ron.
746 1647 810 1675 aran.

270 1707 343 1735 cirrus
353 1693 371 1731 iu
382 1690 464 1747 historia
472 1688 568 1750 palrrda'fi
579 1689 680 1744 illustram
692 1689 752 1744 libris
764 1692 809 1738 IV.

270 1754 373 1797 Amstelod.
390 1768 442 1808 1705,
457 1768 476 1805 4,
491 1766 534 1792 cunr
546 1753 639 1793 variarum
654 1755 770 1803 quorundam
784 1758 807 1796 de

268 1819 325 1859 rebus
343 1815 425 1872 Singulis
451 1814 563 1869 opinionum
586 1815 692 1856 recensione
714 1817 807 1872 explicare

267 1880 343 1924 studuit.
736 1897 738 1899 ·

444 1957 462 2018 d.
493 1959 572 2003 CLXII.

266 2043 325 2099 Quod
333 2038 460 2099 aronplarar,
473 2055 535 2101 quam
548 2037 711 2091 detrahentium,
728 2057 752 2086 ex
764 2046 804 2097 qui-

205 2105 240 2146 bus
248 2105 314 2157 reliqui
323 2105 416 2158 originem
425 2105 524 2159 ducerent,
541 2104 560 2143 in
569 2116 631 2143 rerum
642 2106 726 2146 omniurn
736 2108 804 2159 princi

203 2170 237 2221 pio
250 2167 353 2208 condiderit
366 2168 433 2213 Deus,
444 2165 495 2216 ideo
510 2165 579 2206 fastum
593 2165 628 2206 esse
641 2166 725 2219 videtur,
740 2177 759 2210 ut
772 2184 801 2210 ar-

202 2229 249 2271 srior
259 2229 307 2270 inter
316 2242 393 2279 onmes,
402 2224 512 2269 communes
522 2228 593 2281 primos
608 2235 692 2280 parentes
705 2230 801 2282 habentes,

201 2294 245 2334 esset
254 2290 360 2333 coniunrllo
370 2300 388 2332 et
397 2292 439 2343 quia
448 2291 526 2333 vuicum
540 2291 638 2332 homiuum
652 2305 685 2344 par
696 2292 800 2344 sufficiebat

537 2357 539 2359 ’
774 2357 798 2397 ad
