1702 2774
199 133 238 168 DE
263 129 446 167 RELIGIONE
475 127 660 165 NATVRALI.
695 129 725 178 27

184 235 260 268 naturae
268 226 401 266 conuenienter
413 225 516 266 viuendum
531 225 577 279 esse3
592 223 692 281 Epicurei
704 225 725 266 in

186 287 274 327 omnibus
283 286 400 337 voluptatem
409 286 444 325 esse
454 287 555 327 sedandam
569 287 671 339 volebant3
688 286 726 328 Pe·

184 348 287 405 ripuletici
296 356 358 387 etitem
369 361 426 386 omne
438 347 515 385 nimium
529 350 564 388 else
578 349 690 402 fugiendum
705 354 725 387 et

184 410 310 449 mediocritati
334 408 354 447 in
379 407 467 447 omnibus
490 408 598 450 studendum
626 412 723 451 rebantur.

185 471 291 525 Quomodo
301 469 335 508 hae
347 475 399 507 certo
410 469 469 507 modo
481 472 619 518 componendae
628 472 662 511 fint
674 471 725 515 lites,

182 543 216 575 ιο,
239 542 337 569 return.
363 541 493 569 ossuuuvs
510 529 566 568 docet
584 531 604 583 in
620 532 725 574 Oratione:

183 589 262 635 utiliter
276 588 442 645 haereditentur,
465 604 506 633 uun
521 588 593 634 iudex.
621 594 722 648 Guttingae

182 657 239 712 1756.
249 670 269 708 4.
280 647 371 709 errrrlgata.
404 656 433 694 Ex
446 663 509 695 mente
522 654 629 708 Angiorum
642 670 724 707 quomu-

182 719 225 759 clam
235 717 254 758 in
262 719 332 758 iudicio
344 721 367 759 de
376 718 478 759 uirtutibus
487 726 505 755 et
515 718 566 757 vitiis
575 719 639 759 omnia
649 720 671 758 ad
679 716 723 773 seu·

175 778 225 836 fitur
243 777 340 822 nioualeru
355 781 391 819 siue
405 781 428 818 ad
440 781 542 819 naturalem
556 782 647 829 quandam
659 794 724 833 perce-

180 841 266 895 ptionem
275 840 415 893 pulchritudinis
424 849 442 881 et
453 841 573 894 turpitudinis
586 840 681 882 atiionnm
690 854 725 881 no.

180 903 258 943 iirauim
268 905 309 942 sunt
317 903 429 945 reuocanda.
461 901 510 941 Cum
520 902 607 942 autemiu
617 905 681 943 multis
690 902 724 941 ho·

182 964 264 1003 minibus
278 965 332 1003 valde
344 972 445 1015 corruptus
461 964 487 1002 est
500 965 561 1002 sensus
575 965 663 1010 moraris,
684 977 723 1002 non

181 1032 242 1063 tantus
259 1025 298 1063 eius
317 1024 393 1065 videtur
409 1025 444 1065 eli'e
461 1027 515 1073 ersus,
535 1032 625 1074 quantum
641 1026 668 1065 illi
684 1025 723 1066 eai-

179 1085 261 1127 stimant,

263 1144 265 1147 ’
366 1149 387 1196 ξ,
422 1145 482 1185 XLII.

178 1205 271 1264 Quamuis
280 1205 375 1260 religionis
385 1214 404 1246 et
412 1206 486 1247 uirtutis
496 1204 577 1247 studium
587 1205 642 1247 etiam
656 1206 674 1246 in
689 1206 723 1247 hac

120 1269 158 1311 uita
167 1273 247 1310 multum
257 1271 279 1310 ad
289 1270 369 1310 hominis
379 1270 487 1311 felicitatem
498 1271 583 1311 conferat
592 1279 611 1311 et
619 1280 685 1311 contra
695 1285 724 1311 re·

119 1332 195 1386 ligionis
204 1329 297 1386 negleciio
306 1340 324 1372 et
333 1334 422 1374 vitiorum
433 1347 486 1374 amor
496 1346 536 1374 eum
545 1333 647 1387 impediant
656 1342 675 1374 ct
682 1347 723 1387 gra-

119 1393 237 1451 uiffimorum
247 1399 339 1435 malorum
350 1397 383 1436 hnt
396 1398 469 1444 causam
490 1397 578 1446 quoniam
592 1404 654 1436 tamen
665 1397 723 1436 inter·

120 1458 165 1497 dum
173 1457 236 1497 multis
245 1458 323 1498 aduersis
333 1466 442 1509 premuntur
451 1457 497 1497 boui
510 1465 528 1497 et
542 1458 664 1511 prosperitate
679 1471 722 1509 qua·

120 1520 163 1558 dam
175 1520 218 1558 mali
227 1521 309 1571 gaudent
318 1527 336 1558 et
346 1521 433 1570 qnoniam
444 1520 562 1572 infinitaDei
576 1520 602 1559 est
615 1521 689 1559 bonitas
704 1528 723 1559 et

119 1580 199 1626 iustitia,
215 1579 334 1632 exspeuanua
343 1582 419 1620 videtur
428 1582 463 1621 etse
472 1581 532 1621 adhuc
541 1579 577 1621 alia
586 1581 627 1632 post
641 1591 722 1621 mortem

120 1641 169 1687 vita,
186 1641 205 1679 in
215 1653 250 1689 qua
258 1640 351 1681 raetorum
362 1644 438 1682 suorum
452 1644 538 1682 meritam
551 1646 677 1693 vnaaquisque
693 1656 722 1680 ae.

119 1710 207 1752 cepturus
216 1702 236 1740 ut
245 1703 358 1746 mercedem.
391 1703 436 1741 inde
445 1703 519 1748 euenit,
530 1712 552 1742 vt
559 1704 596 1741 iam
603 1703 626 1740 ab
635 1703 722 1752 antiquis-

92 1761 94 1764 ’
119 1763 168 1802 simis
177 1762 294 1814 temporibus
303 1763 351 1802 inter
361 1763 449 1815 plurimas
460 1770 525 1815 gentes
535 1760 628 1805 doiiriue
641 1762 665 1804 de
678 1763 722 1804 arii-

119 1838 164 1867 euue
173 1822 327 1867 immortalitate
337 1820 375 1864 non
384 1824 461 1865 minima
469 1825 564 1878 religionis
573 1839 615 1877 pars
629 1826 649 1865 lit
659 1825 723 1866 habita

119 1896 138 1928 et
147 1896 168 1928 vt
177 1887 282 1942 philosophi
292 1888 343 1928 uaria
352 1889 379 1928 vad
391 1888 438 1929 hunc
452 1888 554 1930 dotirinam
568 1889 676 1929 firmandam
692 1902 724 1930 err·

120 1951 251 2004 cogitauerim.
286 1951 432 1993 Recentioribus
446 1952 531 2005 inprimis
543 1952 660 2005 temporibus
674 1954 724 1992 sum-

120 2026 198 2065 mopere
208 2015 228 2054 in
238 2027 261 2053 eo
274 2014 418 2056 elaborauerunt
426 2017 508 2067 plerique
517 2012 636 2067 philosophi,
652 2024 673 2055 vt
684 2029 724 2054 cer·

120 2075 144 2120 tis
153 2077 278 2128 argumentis,
293 2076 373 2116 animam
383 2077 481 2116 hominum
493 2076 533 2129 post
545 2078 631 2129 corporis
641 2085 722 2116 mortem

120 2137 235 2189 superstitem
245 2139 327 2178 futuram
337 2136 374 2180 ess'e
385 2139 498 2180 euincerent.

151 2199 256 2251 Aegyptios
264 2198 322 2240 refert
332 2198 397 2241 nerto
405 2214 484 2241 nores
494 2200 538 2244 Lib,
547 2201 571 2245 ll,
581 2214 597 2244 c.
606 2213 642 2252 123.
651 2215 670 2253 p.
680 2202 722 2242 162.

180 2261 224 2301 edit.
238 2261 357 2315 Weffcliugii
369 2264 441 2316 primos
453 2262 534 2303 animam
544 2264 669 2304 immortalem
685 2258 722 2301 effe

650 2323 722 2373 diutile,
