1702 2774
199 140 233 203 95
338 118 341 121 Δ
418 148 644 190 αΑΡντν,,

201 250 241 293 dies
250 251 299 296 rixae
309 250 350 291 sunt
358 254 417 294 ortae.
448 248 545 307 Quaedam
555 247 642 301 dogmata
648 245 751 303 excogitata
761 249 797 292 esse

201 313 321 355 videaturad
330 312 441 353 elericorum
451 311 569 352 autoritatem
577 312 680 365 augendam
693 324 797 363 eorumque

201 374 306 429 superbiam
315 376 405 416 alendam.
424 375 470 415 Prae
479 373 517 413 aliis
527 385 619 413 nouarum
623 374 742 431 opinionum,
750 386 798 424 quae

201 448 310 489 magnarum
321 437 419 477 turbarum
433 435 496 488 postea
507 434 616 474 exstiterunt
629 436 712 483 semina,
736 436 798 476 fertile

201 499 239 538 suit
247 510 393 547 urrevsrrur
401 497 503 551 ingenium.
532 497 565 536 Ille
574 503 626 535 certo
639 496 697 535 modo
716 494 780 539 Tlraol
792 521 800 531 .

199 555 380 617 gidesrlrulesticue
390 568 444 600 autor
454 559 490 599 dici
499 558 568 611 potest,
581 558 623 614 quia
638 560 736 609 pleraque,
752 571 799 607 quae

202 620 323 671 sequentibus
331 620 446 673 temporibus
453 620 471 658 in
479 620 561 663 medium
570 622 686 672 protulerunt
691 619 801 668 scholastici,

204 682 275 723 exilio
290 690 376 732 tanquam
395 680 448 719 sonte
463 682 505 719 sunt
526 681 614 724 deriuata.
652 694 802 724 eareonrvs

204 741 395 804 Magnurinuentor
404 740 441 782 suit
448 741 577 801 peragratura,
593 745 644 794 quod
656 744 740 798 ingentes
748 745 803 788 cleri.

204 806 232 846 cis
244 805 316 859 peperit
331 804 409 847 diuitias.
451 801 560 864 Theologir
573 802 657 847 irroratis
669 807 733 845 tensrm
745 807 803 849 etiam

205 875 294 922 corrupta
302 867 346 909 esta
356 867 450 921 patribus,
467 867 510 908 dum
522 867 610 908 virtutem
620 867 674 908 nimis
684 865 772 909 austeram
783 877 803 910 et

206 932 261 983 supra
271 931 320 970 vires
330 930 423 977 hominis,
438 929 467 970 vti
474 930 574 984 periebant,
586 933 677 970 eleuatam
689 931 803 981 aequemur

206 991 334 1039 sanctitatem,
352 999 424 1032 tantum
438 991 458 1031 iu
470 992 526 1031 rebus
538 993 648 1042 quibusdam
661 993 741 1032 externis
752 994 803 1045 post.

206 1061 246 1093 tam
252 1054 264 1102 ,’
271 1054 353 1094 maxime
361 1053 520 1094 commendarunt.
553 1056 599 1093 Fere
609 1066 673 1093 omnes
681 1054 738 1096 vitam
745 1056 803 1095 coeli.

206 1116 252 1155 bem
267 1123 286 1155 et
301 1116 421 1156 monasticam
434 1115 511 1155 summis
527 1117 634 1156 extulerunt
648 1115 744 1166 laudibns;
759 1115 803 1157 inde

207 1174 363 1224 arrotrebarum,
387 1180 419 1228 qui
433 1176 483 1217 varia
495 1177 567 1229 pietatis
581 1177 682 1224 exercitia,
702 1178 805 1220 maximam
822 1207 824 1210 v

208 1247 280 1292 partem
292 1254 358 1292 parurn
368 1240 427 1287 utilia,
440 1239 605 1295 excogitauerunt,
621 1251 710 1279 numerus
723 1241 805 1281 summo·

164 1328 167 1334 a
209 1314 254 1353 pere
263 1301 289 1339 est
297 1300 366 1355 autina.
397 1303 423 1341 Vt
433 1297 500 1342 cultus
507 1297 649 1357 Deiprtdlicrtr
662 1302 758 1353 splendore
770 1304 804 1342 suo

208 1365 267 1415 vulgo
279 1375 301 1401 eo
310 1362 369 1416 magis
379 1358 460 1415 placeret
470 1372 488 1402 et
497 1361 607 1402 clericorum
616 1362 736 1413 responderet
742 1365 805 1415 super·

207 1423 262 1472 biae,
284 1426 346 1476 plures
364 1422 485 1463 caerimoniae
500 1423 567 1474 partim
581 1436 603 1464 ex
619 1423 710 1475 religione
725 1423 804 1477 iudaiea,

208 1485 276 1537 partim
284 1485 361 1537 gentili,
380 1491 485 1530 mutuatae,
499 1496 541 1522 cum
554 1496 623 1536 pompa
635 1486 713 1535 quadam
728 1485 805 1527 coniun-

210 1545 248 1585 {tae
259 1553 310 1586 etex
322 1553 372 1598 parte
385 1545 531 1597 superstitionem
543 1544 648 1585 redolentes
660 1548 702 1585 srtut
714 1544 803 1589 interrae.

211 1620 349 1660 earumve,
364 1606 465 1660 Episcopus
475 1607 566 1659 Nolanus,
580 1606 655 1647 ineunte
663 1609 725 1646 seculo
735 1608 758 1650 V.
767 1610 805 1660 pri·

210 1681 263 1708 rtrum
272 1671 340 1721 templa
348 1664 482 1726 integrandas,
496 1681 541 1718 quae
554 1666 636 1708 historias
646 1668 724 1709 biblicae
732 1682 806 1723 reprae-

209 1733 312 1777 sentarent,
329 1730 437 1775 exornatur,
451 1730 501 1779 quod
511 1730 573 1781 postea
586 1730 616 1769 alii
628 1732 669 1769 sunt
680 1729 758 1782 imitati;
778 1734 805 1771 se·

210 1795 254 1846 culo
264 1800 325 1831 autem
334 1790 400 1831 oliauo
410 1790 499 1843 imagines
508 1790 625 1836 sanctorum,
641 1804 687 1840 quae
698 1791 718 1830 in
730 1794 806 1844 templis
833 1814 835 1819 ι

209 1853 381 1905 conspiciebantur,
402 1860 478 1904 coeptae
495 1853 536 1891 suut
551 1852 625 1892 adorari
641 1860 661 1891 et
677 1853 761 1901 quamuis
778 1854 806 1893 ob

209 1914 258 1954 huuc
267 1917 338 1953 cultum
348 1913 451 1965 imaginum
462 1912 517 1952 initio
530 1914 620 1962 quaedam
631 1913 665 1951 srnt
677 1913 719 1951 lites
733 1921 804 1961 motae,

210 1983 271 2015 temen
281 1974 332 2014 illea
346 1975 438 2027 plerisque
451 1974 517 2012 deinde
529 1973 556 2012 est
569 1974 664 2026 probatus,
699 1973 739 2013 lam
750 1983 804 2016 antea

210 2034 276 2080 cultus
286 2033 422 2095 reliquiarum
429 2035 491 2075 fautor
499 2034 535 2075 suit
546 2046 691 2076 earconrvs
706 2032 743 2080 M.

243 2100 296 2156 Quot
309 2111 382 2140 errores
394 2098 414 2137 in
428 2095 511 2138 uomina
524 2098 590 2137 morali
602 2096 685 2137 ecclesiae
699 2104 760 2149 patres
775 2099 805 2140 io*
836 2114 838 2117 ’

269 2162 340 2209 nerine,
353 2174 378 2201 ex
388 2173 454 2202 eorum
464 2160 535 2213 scriptis
542 2159 623 2200 dilucide
633 2160 744 2201 demonstrat
754 2175 805 2205 ron.

268 2237 384 2266 narrante
390 2238 404 2266 a
411 2235 465 2266 ctus
473 2223 493 2263 in
501 2223 550 2263 libro
559 2223 634 2277 gallico,
647 2223 680 2274 qui
688 2223 804 2264 inscribitur:

273 2284 343 2330 Troice
352 2284 375 2332 de
383 2284 404 2335 la
412 2283 489 2332 traorale
497 2282 597 2349 desperes
606 2282 629 2330 de
638 2282 718 2345 l'eglg'se.
732 2286 805 2326 Amste-

767 2347 805 2394 tot.
