1702 2774
154 153 346 198 uufloncmviu
365 154 464 190 senuit
484 148 573 188 PRIMO
589 148 635 184 etc.
665 138 705 197 165

88 247 114 299 'ad
124 241 283 311 propagationem
289 252 406 303 retiquornn
416 249 547 303 inciqiendam.
578 246 651 299 Magna
659 245 700 296 qui.

56 359 59 362 .
91 322 134 359 dem
143 320 192 356 inter
201 315 291 364 quaedam
304 313 416 356 hominum,
429 311 448 349 in
457 315 513 365 longe
527 310 590 351 dissitis
598 309 654 348 huius
667 321 700 347 or-

91 380 120 419 bis
129 376 213 429 pactibus
224 374 359 422 habitantium,
376 384 455 425 genera,
474 373 546 413 ratione
561 368 648 419 formae,
665 381 700 408 co-

74 435 76 439 ’
90 440 149 484 incia,
163 437 240 477 staturae
250 445 270 476 et
280 435 339 475 totius
348 432 433 485 corporis
442 432 527 480 habitus,
548 434 574 474 est
588 432 697 479 diuerfitas3

91 513 139 551 quae
146 508 215 544 tamen,
228 510 271 537 eum
281 510 292 536 a
301 496 397 534 cumaeum
406 492 511 533 differentia
519 504 537 534 et
546 496 585 536 auis
594 495 652 536 rebus
662 505 697 532 ex·

91 562 161 614 ternis,
181 562 277 605 vestuta,
298 559 329 595 vei
344 557 407 595 saltem
421 555 522 596 maximam
536 566 618 608 partem,
637 557 696 609 profi-

91 625 176 667 ciscatur,
192 633 230 659 non
238 618 324 669 impedit,
339 631 377 668 quo
387 618 448 659 minus
456 632 478 659 ex
486 618 551 659 eadem
561 618 617 671 stirpe
627 623 694 659 omues

90 674 201 738 pangenitos
210 678 246 720 effe
260 682 371 726 adferamus,
436 730 438 735 Ι

121 764 153 804 Ad
166 760 232 809 dubia,
251 775 300 812 quae
316 769 383 806 contra
394 759 442 799 hanc
454 773 495 799 rem
510 773 520 799 a
533 757 629 800 nonnuliis
640 767 695 808 mota

153 826 207 870 sunt,
220 823 305 876 pluribus
313 823 421 874 responsum
431 821 456 860 est
465 822 483 860 in
497 820 626 862 dissertationis
639 832 692 860 meae

152 882 176 928 de
188 884 266 945 origine
279 883 361 944 generis
370 881 456 925 acarnani
471 883 490 938 §.
504 883 569 923 XXV.
583 891 602 922 et
615 881 693 925 XXVI.

153 943 232 989 Confer.
242 947 298 987 etiam
312 960 326 989 1.
343 957 364 987 a.
378 957 501 987 FABRICH
517 943 638 1001 Differentio
652 941 693 984 eri·

153 1008 195 1051 tica
209 1005 233 1050 de
243 1004 368 1056 immitibus,
385 1003 441 1050 orbis
453 1005 516 1062 tuifha'
527 1004 611 1054 sacculis,
624 1002 692 1063 spacia

152 1080 173 1114 et
184 1079 231 1112 ortu
245 1070 301 1111 auito
314 1070 368 1111 inter
375 1066 398 1123 se
410 1082 450 1110 tzou
462 1065 608 1124 differentibus.
629 1064 691 1109 Ham-

150 1133 205 1183 burgi
218 1145 270 1182 1721.
284 1144 330 1180 qnae
343 1131 398 1170 etiam
407 1130 425 1168 in
439 1130 478 1168 eius
492 1128 570 1188 Sylloge
584 1128 629 1184 opu
638 1126 692 1170 culo·

150 1205 198 1233 rum
208 1188 567 1245 historico¹critico-litterura'aruam
582 1189 692 1244 Hamburgi

94 1255 95 1258 ’
151 1261 207 1306 1738.
216 1268 236 1307 4.
248 1256 334 1306 euulgata
343 1252 406 1295 exstat.

319 1331 335 1390 q.
373 1331 460 1375 ccxiii.

149 1410 222 1471 saciago
235 1408 318 1458 diuina,
341 1413 364 1451 ad
377 1425 432 1462 quam
445 1412 500 1463 primi
512 1411 599 1467 homines
612 1412 690 1453 formati

92 1474 128 1514 esse
137 1474 235 1519 dicuntur,
249 1475 268 1512 in
278 1486 347 1525 genere
356 1473 431 1523 quidem
445 1481 511 1513 notare
518 1474 585 1526 ,potest
598 1475 691 1525 quamuis,

91 1548 138 1585 qnae
147 1536 194 1573 inter
203 1535 267 1573 Deum
279 1542 298 1573 et
306 1535 404 1575 huminem
413 1535 522 1580 intercedit,
541 1535 691 1583 simiiitudinem5

91 1597 123 1635 sed
132 1596 218 1645 qnoniam
227 1595 296 1645 aliquid
304 1596 393 1648 singulare
401 1596 498 1636 historicus
507 1598 557 1636 sacer
569 1592 651 1637 indicare
661 1597 691 1637 vi-

91 1659 156 1703 detur,
172 1669 214 1695 cum
224 1656 288 1695 dehac
298 1657 381 1707 loquitur
391 1657 482 1710 imagine:
497 1671 537 1697 eam
546 1659 577 1698 alii
591 1659 610 1699 in
624 1657 690 1700 uttimi

44 1743 47 1747 .
92 1717 190 1764 hunniam,
205 1715 409 1776 tutaquumſjairitus,
425 1721 558 1761 natan-attan.
570 1719 603 1767 IX,
617 1719 636 1762 6.
652 1720 691 1763 sac.

91 1782 127 1827 ist,
143 1792 166 1833 93
182 1779 212 1818 alii
220 1780 239 1818 in
249 1780 288 1819 eins
296 1780 318 1821 iu
327 1776 388 1822 brata
397 1780 510 1822 antianum
519 1777 608 1824 donanto
616 1783 662 1824 Gen.
673 1783 691 1833 i,

92 1845 131 1892 263
146 1842 177 1882 aiii
187 1840 265 1892 deniqne
274 1841 293 1882 in
298 1839 421 1900 perfidiane
433 1842 472 1883 eius
480 1840 566 1891 naturali,
579 1843 615 1883 fiue
627 1844 647 1884 in
660 1857 691 1884 re-

92 1904 121 1946 sia
131 1905 168 1945 Dei
177 1904 285 1959 cognitione
295 1906 341 1945 etin
351 1905 450 1947 sansiitatis
459 1906 518 1946 studio
527 1905 645 1955 EcclesVIL
655 1918 691 1963 30.

48 2020 51 2025 ⁸
92 1968 160 2020 Ephes.
171 1969 206 2017 Ν,
222 1980 256 2020 24.
272 1968 358 2018 Cossis,
373 1982 403 2011 10.
414 1970 536 2021 quaerendam
549 1966 585 2011 effe
600 1969 691 2012 arbitran-

92 2038 137 2070 tur„
160 2031 241 2072 Forsitan
250 2031 286 2071 huc
296 2032 354 2071 modo
364 2032 398 2072 hae
407 2033 489 2073 diuersae
498 2033 597 2073 sententiae
610 2032 661 2074 inter
671 2036 690 2074 se

93 2091 167 2144 possunt
175 2093 283 2143 conciliari,
298 2094 413 2143 sidicamus,
432 2109 442 2135 e
452 2095 535 2143 ratione,
548 2109 584 2147 qua
593 2095 654 2138 homo
664 2096 692 2137 est

94 2154 194 2207 praeditus,
210 2165 296 2207 tanquam
305 2157 365 2207 sonte,
381 2165 401 2198 et
411 2158 450 2199 eius
457 2158 476 2197 in
486 2157 540 2198 bmta
549 2160 648 2200 animantia
658 2161 691 2200 do·

94 2215 172 2255 minium
183 2225 201 2257 et
212 2231 299 2269 omnem,
310 2233 349 2275 'qua
360 2221 439 2275 gaudet,
454 2219 588 2274 persesiionem
601 2224 692 2262 moralem

95 2279 194 2338 derinanda
203 2278 250 2336 esse3
266 2294 307 2323 eam
317 2295 362 2338 ergo
370 2283 479 2339 praecipue,
493 2291 514 2324 vt
524 2285 609 2340 imaginis
618 2284 693 2324 diuinae

406 2345 449 2395 L3
627 2355 693 2387 notam
