1702 2774
203 95 206 98 ’
283 104 507 158 rnnrrnrro.
563 174 567 179 ,
678 122 704 172 25
765 140 770 145 x

33 265 35 271 ,
87 215 478 285 ῑιοη[ιιίερΙεοῐῑίεεόὴαεῑεηῑεε,
495 212 705 285 plerumquefue-

87 320 148 357 rnnt
161 309 247 359 irritati
265 296 367 377 suisqne
385 304 588 357 contentionibus
601 321 655 355 non
668 302 708 362 so<
754 294 756 297 ’

87 389 269 459 ΙυΠιὲοεωῑη,
286 396 332 452 seui
345 411 487 463 praeerant,
508 395 550 444 sed
565 397 640 444 etiam
653 411 710 457 rna-v

86 484 201 549 gistratus
208 484 412 551 implicaverunt,
429 481 497 531 unde
505 482 598 532 multae
607 480 705 545 turbae,

87 572 438 622 innocentiumvexationeset
446 572 578 620 innumera
587 567 704 621 ortasnnt

86 659 158 710 mala.
190 659 305 709 Fuerunt
319 658 428 726 quidem,
438 661 482 727 qni
494 655 637 708 mitioribus
651 676 704 710 nte·

86 764 174 800 rentur
185 748 289 799 consiliis
300 762 324 797 et
334 750 379 815 qui
387 747 428 800 vei
440 732 495 798 lites
505 745 628 815 quasdam
638 763 705 798 corn·

86 838 229 907 ponendae,
252 834 389 911 vellsaltem
403 836 567 887 concordiam
580 851 605 887 et
621 834 714 888 frater·

86 943 150 979 num
158 944 269 978 amorem
282 942 333 976 non
341 925 578 993 interrumpendum
592 925 639 986 esse
653 923 706 977 sna-

87 1015 185 1082 derent3
197 1013 239 1066 sed
247 1008 569 1082 parumnalnerunteorum
578 1017 627 1068 hae
636 1015 668 1066 de
676 1033 704 1067 re

86 1106 191 1164 monita,
210 1105 272 1169 quin
281 1101 324 1168 ipfi
330 1100 492 1170 rigidioribus
502 1100 547 1153 sna
555 1104 654 1154 lenitate
666 1102 705 1155 su-

86 1186 162 1259 specti
172 1207 248 1260 atque
256 1188 503 1241 indifferentistarnm
512 1206 540 1241 ac
549 1192 706 1245 Latitudina-

86 1283 184 1331 riorum
196 1283 298 1331 nomine
310 1278 343 1332 ab
352 1278 398 1329 iliis
408 1276 480 1347 saepe
489 1276 594 1332 fuerunt
606 1287 692 1336 norati.

156 1370 250 1430 Nostro
260 1384 321 1421 vcro
334 1382 448 1435 tempore
461 1370 546 1438 plnres
555 1372 705 1438 intelligunt,

87 1458 149 1509 nihil
157 1462 239 1525 magis
253 1458 400 1521 theologum
409 1457 508 1523 decere,
526 1476 604 1528 qnam
617 1461 704 1512 mode-

86 1551 210 1600 rationem
222 1538 253 1610 et
266 1564 377 1615 aequum
391 1551 417 1598 in
434 1564 543 1600 errantes
561 1565 605 1601 aitt
624 1551 707 1614 aliam,

88 1655 166 1707 quarn
180 1638 223 1706 ipfi
236 1636 388 1706 probatamr
407 1632 498 1688 senam
510 1635 641 1707 sequentes
656 1643 706 1691 nni-

87 1745 168 1779 mnm.
186 1728 296 1795 Egregia
308 1729 356 1778 hac
374 1728 446 1778 dere
462 1729 555 1779 exstant
573 1746 706 1798 praecepta

87 1816 154 1867 Pauli
167 1836 180 1865 2
191 1817 261 1869 Tim.
272 1834 299 1882 11,
312 1834 349 1884 24.
357 1835 389 1882 25.
424 1818 515 1879 Serounr
527 1832 600 1867 ornem
613 1821 707 1869 Domini

88 1925 130 1957 non
141 1921 228 1977 oportet
239 1923 353 1979 pugnare,
362 1905 407 1970 fied
418 1911 493 1957 ntitem
508 1910 547 1973 sse
555 1926 611 1973 ergo
623 1927 707 1974 ornnes,

86 2009 164 2065 ‘ceptum
176 1996 207 2049 od
224 1995 347 2060 docendum,
373 1999 478 2049 malornm
496 1999 638 2065 tolerantem,
660 2016 707 2051 nnn

89 2086 252 2150 rnorfintndine
261 2087 397 2139 erudientem
406 2089 469 2152 illos,
487 2091 526 2159 qni
533 2093 647 2140 contrario
658 2095 708 2142 nni-

89 2194 123 2225 mo
140 2193 181 2228 unt
190 2181 274 2244 officii,
289 2183 446 2250 qninforflton
456 2182 517 2228 Dens
526 2178 576 2229 illis
585 2182 708 2250 refipr'sren·

91 2270 147 2318 riom
156 2265 212 2319 dore
218 2271 286 2341 potest
296 2270 325 2322 nd
333 2274 467 2340 agnitionem
476 2260 592 2323 veritatis.
616 2272 708 2323 Vthac

356 2358 372 2411 b
394 2376 407 2427 5
623 2377 708 2414 mente
