1702 2774
188 149 237 201 206
385 158 517 196 cneum
543 160 580 196 xa

249 261 276 309 Π,
296 270 312 313 3.
333 258 411 313 2)s1in
424 256 475 299 felici
489 269 554 299 rerum
570 258 645 299 sunum
661 254 742 299 successu
756 254 796 297 Dei

249 324 320 364 nullam
333 321 389 363 habet
401 322 495 363 rationem
507 320 557 364 Dan.
569 329 609 369 IV,
631 332 667 374 27.
680 322 731 372 seqq.
746 320 770 375 3)
782 320 795 359 fi

252 385 334 426 ustiones
353 384 427 439 pietatis
448 383 507 425 laudis
528 390 601 424 tantum
619 385 672 424 causa
691 383 794 423 committit

247 448 318 490 Matth.
327 457 362 497 VI,
385 452 431 493 1-6.
444 449 512 495 rem.
551 447 583 487 De
596 446 670 500 singulis
683 444 794 495 virtutibus,

249 523 297 561 quae
305 510 390 552 hominis
398 510 490 551 christiani
502 508 563 562 uitam
576 517 656 556 ornant,
674 521 698 550 ex
708 506 793 549 instituto

247 572 268 613 iu
276 569 385 629 Theologia
394 574 462 617 murali
472 580 545 627 agetur.

421 674 442 733 p.
473 673 556 717 cxcv,

246 759 296 801 Cum
304 758 357 801 Dens
366 760 452 800 omnium
466 758 566 800 hominum
577 756 656 798 salutem
668 757 710 798 vult
721 754 793 802 1Tnn.

185 816 214 869 Is,
229 835 250 871 4.
263 821 319 863 etiam
332 823 421 862 omnibus
434 821 543 862 hominibus
555 819 634 860 snbfidia
648 820 750 871 quaedam,
768 819 793 860 ad

184 883 296 924 felicitatem
304 887 354 925 suam
365 885 501 937 procurandam
511 883 606 930 facientia,
618 882 723 935 suppeditat
731 881 793 928 Rom.

184 940 203 993 i,
216 959 245 998 19‘
256 959 289 990 20.
298 957 369 997 eosque
378 946 459 1001 egregiis
472 946 540 986 mentis
548 945 680 991 facultatibus,
695 944 737 998 ipsis
747 958 793 985 con·
813 942 816 945 ’

185 1007 249 1057 cesis,
265 1016 284 1048 et
295 1010 351 1049 variis
360 1010 400 1050 aliis
408 1012 427 1050 in
438 1021 471 1048 eos
479 1008 552 1050 collatis
561 1006 658 1047 beneficiis
668 1018 792 1047 commouere

184 1065 247 1110 studet
255 1071 278 1110 ael
286 1071 386 1111 ueritatem
393 1072 426 1111 fibi
435 1073 534 1111 salutarem
546 1068 695 1124 cognoscendam
704 1075 724 1108 et
732 1069 792 1110 virtu·

184 1140 224 1173 tem
235 1135 333 1173 amandam
340 1132 383 1178 Asi.
391 1142 456 1181 XVII,
474 1137 507 1177 26.
517 1145 552 1182 27.
562 1132 588 1190 (l.
594 1131 666 1185 CLX.)
696 1131 743 1173 Hoc
750 1145 792 1173 mo·

184 1191 211 1234 do
220 1208 287 1234 omnes
299 1195 387 1237 homines
397 1196 451 1237 Deus
461 1203 519 1238 uocat
529 1195 542 1237 i.
551 1208 568 1239 e.
578 1194 646 1234 inuitat
654 1193 677 1232 ad
686 1195 792 1246 perceptio·

184 1269 229 1297 nem
238 1256 334 1298 bonorum
349 1251 432 1310 ipsorum
446 1266 522 1300 naturae
536 1255 696 1298 conuenientium·
732 1256 792 1298 Pecu·

183 1315 226 1358 liari
236 1319 292 1358 etiam
301 1319 449 1360 reuelationeab
459 1318 586 1372 antiquissimis
597 1318 722 1370 temporibus,
736 1333 791 1371 prae-

184 1379 238 1432 cipue
258 1380 278 1420 in
297 1391 353 1435 gente
375 1382 509 1423 Hebraeorum
530 1380 594 1421 salutis
615 1381 667 1421 viam
688 1380 790 1423 delineauit

183 1440 212 1500 (ᾧ
223 1441 293 1498 LIX).
339 1445 401 1485 iaiora
413 1445 475 1485 adhuc
486 1452 505 1485 et
518 1445 571 1495 plura
583 1441 661 1482 subsidia
673 1443 696 1482 ad
710 1438 789 1485 salutem

182 1502 235 1544 suam
245 1507 382 1557 procurandam
390 1507 444 1546 Deus
453 1505 562 1547 hominibus
573 1503 671 1557 offerrper
684 1503 789 1548 dourinanr
823 1508 824 1511 ’

183 1567 277 1619 euangelii
290 1565 348 1611 Rom.
363 1568 378 1614 I,
396 1574 424 1611 16.
445 1567 542 1620 Ephesi,
560 1578 588 1621 13.
599 1567 686 1607 omniurn
703 1567 789 1621 gentium

182 1625 224 1668 usui
234 1629 342 1669 destinatam
352 1628 422 1673 March,
435 1637 528 1675 XXVIII,
542 1642 571 1681 ¹9·
586 1628 645 1673 Rom,
655 1629 680 1682 X,
693 1636 720 1680 ¹8·
752 1630 789 1672 Per

182 1688 231 1731 hanc
244 1690 299 1731 Deus
311 1692 412 1742 unicuique
425 1690 539 1743 praescripsit
552 1692 645 1741 modum,
666 1703 704 1741 quo
718 1691 741 1731 ad
755 1705 789 1733 ve-

181 1761 222 1793 ram
232 1752 341 1794 felicitatem
350 1753 449 1806 peruenire
459 1752 524 1805 poffit,
543 1766 576 1805 per
585 1766 626 1792 eam
634 1752 721 1793 homines
730 1745 788 1797 vocat

180 1816 296 1865 eremum,
308 1829 376 1868 nernpe
390 1816 507 1870 ignorantiae
523 1821 541 1854 et
555 1815 635 1864 erroris,
655 1816 678 1855 ad
691 1815 788 1857 admiran-

180 1876 224 1915 dam
237 1878 289 1917 suam
303 1880 367 1918 lucem
381 1877 394 1921 i.
409 1892 425 1919 e.
439 1879 552 1929 praeclaram
569 1889 633 1917 rerum
650 1877 787 1920 vtilisfimarum

179 1934 277 1979 scientiam
286 1954 293 1980 1
303 1938 353 1979 Petri
363 1939 387 1988 Π,
403 1953 423 1991 9.
433 1940 456 1978 ad
464 1937 578 1978 sanslitatem
588 1938 669 1982 rThess.
678 1947 718 1987 IV,
735 1955 754 1992 7.
762 1941 787 1981 ad

180 2001 336 2040 communionem
345 2001 378 2041 filii
386 2002 414 2041 sui
423 2003 463 2041 lel'u
475 1999 562 2043 Christir
572 2001 618 2045 Cor.
630 2003 645 2050 Ι,
656 2014 677 2053 9.
690 2003 714 2042 ad
727 2010 786 2044 aeter·

179 2070 224 2102 nam
234 2062 284 2103 'suam
295 2060 376 2116 gloriam
386 2062 406 2102 in
416 2056 492 2104 Christo
500 2062 557 2102 lesur
567 2062 618 2102 Petri
631 2062 662 2109 V,
676 2076 705 2105 ιο,
719 2064 743 2104 ad
756 2065 786 2105 vi.

179 2130 219 2164 tam
230 2133 324 2164 aeternam
335 2121 404 2168 rTim.
413 2128 449 2170 VI,
463 2137 490 2165 12.
521 2124 600 2163 Dicitur
610 2124 656 2164 haee
669 2126 747 2180 vocatio
756 2129 785 2167 su.

178 2196 237 2238 perna
247 2184 316 2238 Philip.
325 2190 361 2234 III,
374 2196 404 2241 14.
415 2193 435 2226 et
443 2184 530 2228 coelestis
538 2186 600 2229 Hebr.
610 2194 647 2235 III,
662 2199 677 2228 1.
707 2187 730 2240 Ii,
744 2189 785 2240 qui·

178 2247 215 2288 uus
223 2246 308 2287 dotirina
317 2249 411 2302 euangelii
423 2247 544 2289 annuntiatur
553 2261 632 2298 eamque
644 2248 736 2301 probant,
752 2264 786 2304 ap·

178 2310 271 2364 pellantur
280 2308 347 2361 uocati
361 2306 420 2357 Rom.
429 2307 445 2363 I,
461 2312 482 2356 6.
492 2323 512 2370 7.
528 2310 593 2353 1Cor.
602 2311 619 2361 I,
634 2322 655 2359 2,
664 2325 699 2368 24.
720 2311 785 2356 Hebr.
825 2328 827 2331 ·

748 2382 785 2427 lx,
