1702 2774
167 178 201 238 36
375 175 487 230 c'arvr
511 177 551 241 v„
617 178 620 213 5

167 289 215 329 Non
229 290 289 335 enim,
310 301 356 337 quae
369 289 416 330 olim
431 294 441 330 a
454 292 497 330 Deo
510 291 629 343 irreligione
642 287 697 340 vera}
708 290 730 329 'sr
744 290 767 329 ad

168 351 210 389 eius
225 359 294 401 patrem
307 350 411 401 principem
423 352 520 403 respicias,
537 352 635 392 constituta
648 354 735 398 suerunt,
756 364 767 389 a

167 409 209 452 Iesu
221 409 294 452 Christo
302 411 345 453 sunt
352 413 429 467 sublata,
444 414 475 454 sed
485 411 591 461 illustrata,
599 414 621 452 ad
631 411 766 467 perfectionem

167 474 256 529 perduita
268 484 287 517 et
297 477 339 519 usai
352 479 437 528 omnium
449 478 546 519 hominum
559 478 681 518 conformata.
712 477 766 517 Talis

167 538 223 578 etiam
231 539 268 579 suit
278 542 328 580 Iesus
338 542 433 596 religionis
441 542 515 588 dodor,
531 544 603 592 qualem
613 554 654 580 eum
663 540 765 592 prophetae

166 600 213 638 olim
218 601 354 652 descripserant.
382 603 511 642 Praestantiam
519 603 613 656 religionis
619 602 725 641 christianae
735 602 767 639 ad·

165 659 204 699 huc
212 663 272 714 magis
280 664 370 712 intelliget
378 663 401 707 is,
414 663 445 709 qui
455 664 603 709 considerauerit,
617 670 684 713 quanta
693 675 768 714 pracee-

164 727 244 770 ptorum
256 722 295 758 eius
308 721 328 758 lit
340 722 412 759 claritas
425 728 444 759 et
458 721 573 771 simplicitas,
591 731 658 771 quanta
672 720 766 760 doiirinae

164 781 253 828 moralis,
275 793 330 833 quam
345 775 411 829 tradit,
430 782 451 822 ir
461 782 530 835 puritas
545 789 565 823 et
580 781 682 837 persedio,
710 794 766 833 quam
827 833 828 837 Ἰ

164 845 189 885 ab
199 845 251 888 omni
263 844 360 888 eoatiiune
374 847 473 888 irremota
484 847 575 899 nullisque
583 846 665 889 molestis
677 846 766 887 caerimo-

164 908 201 948 niis
215 921 290 950 onerata
303 919 322 949 et
337 920 450 962 quantopere
467 911 490 949 ad
510 911 659 960 tranquillitatem
672 910 766 961 publicam
828 949 830 951 ,

165 978 185 1009 et
199 971 341 1020 vniuscuiusque
359 971 466 1010 felicitatem
483 973 632 1021 promouendam
646 971 666 1009 fit
679 984 767 1009 accomo·
798 1010 804 1016 ,

165 1031 215 1070 data.
246 1032 303 1069 Nulla
317 1044 363 1083 ergo
377 1032 444 1082 religio
458 1031 561 1082 excogitari
572 1031 645 1081 potest,
662 1033 765 1079 quaecum

164 1089 268 1136 christiana,
280 1089 330 1130 refiie
341 1090 439 1138 intellesta
452 1091 473 1129 fir
487 1091 617 1142 comparanda.

195 1169 279 1226 Magnus
287 1184 355 1214 eorum
362 1171 388 1214 est
396 1185 492 1221 numerus,
507 1170 539 1225 qui
548 1170 568 1213 in
577 1167 674 1228 religionis
684 1167 767 1213 christia}

221 1249 257 1275 nae
267 1237 345 1278 veritate
355 1237 495 1277 demonstranda
507 1250 584 1289 operam
593 1239 643 1276 suam
657 1237 766 1287 posuerant.

222 1297 345 1338 Mentionem
358 1298 461 1339 multorum
476 1299 590 1344 fecimusad
606 1298 625 1352 ὗ.
635 1297 765 1337 CCCXLVII

193 1401 195 1404 ,
222 1355 396 1413 Empclopaeda'ae
410 1359 482 1398 nostrae
495 1355 622 1416 theologicae.
653 1359 765 1396 Dolendum

221 1430 269 1456 vero
279 1418 311 1466 est,
327 1421 427 1457 nonnullos
436 1420 454 1456 in
463 1420 577 1457 defendenda
587 1417 677 1467 religione
684 1416 765 1456 christia-

224 1480 250 1516 ria
259 1479 323 1516 causae
336 1481 378 1518 suae
392 1478 484 1522 nocuisse,
501 1478 545 1515 dum
559 1478 648 1527 quosdam
658 1489 723 1529 graues
736 1489 765 1515 er·
827 1471 830 1480 ⁷

225 1554 292 1588 rerer,
309 1556 356 1593 quos
364 1557 400 1583 vna
409 1544 439 1583 vel
449 1544 504 1583 altera
514 1542 587 1595 ecelesia
596 1539 692 1582 christiana
701 1540 765 1588 fouet,

222 1612 309 1654 tanquam
319 1606 415 1659 religionis
426 1604 532 1644 christianae
544 1619 597 1644 veras
609 1604 707 1643 sententias
717 1603 766 1643 tueri

221 1665 332 1707 studuerunt
341 1677 359 1707 et
367 1668 476 1720 religionem
486 1666 607 1718 christianam,
616 1666 644 1705 vti
651 1679 672 1704 re
681 1664 764 1713 veraest,
821 1672 823 1676 '

220 1727 296 1767 averiis
305 1727 344 1767 eius
352 1728 486 1767 mutationibus
491 1736 510 1765 et
519 1727 655 1772 additamentis,
671 1727 695 1765 ab
703 1726 765 1766 homi·

219 1786 276 1825 aibas
286 1786 348 1834 fatris,
361 1801 399 1827 non
408 1790 481 1838 semper
493 1787 536 1825 saris
549 1787 681 1828 distinxerant.

426 1871 446 1924 p.
478 1868 502 1912 e.

222 1953 281 1993 Primi
290 1953 381 2007 euangelii
389 1953 403 1994 i.
412 1966 429 1996 e,
442 1952 537 1992 dodrinae
550 1950 647 2005 religionis
657 1949 763 1991 christianae

163 2026 263 2066 praecones
271 2011 347 2056 fuerunt
357 2015 457 2053 duodecim
470 2011 569 2069 Apostoli,
583 2012 763 2063 quorumvudeeim,

164 2074 231 2113 omisso
244 2088 310 2126 nempe
320 2078 366 2116 Iuda
375 2077 468 2120 iscariote,
480 2075 543 2125 postca
551 2074 655 2125 proditore,
671 2073 763 2113 aChristo

163 2134 204 2185 ipso
218 2134 272 2182 elesii
283 2136 352 2178 Matth,
362 2137 391 2181 X,
408 2134 546 2187 1-4'perpetui
558 2134 621 2178 vitae,
638 2131 730 2171 fastorum
743 2139 763 2171 et

162 2196 248 2239 tatarum
258 2194 307 2249 eius,
322 2197 418 2254 postquam
428 2195 507 2240 docendi
516 2206 583 2236 munus
591 2194 610 2235 in
622 2195 640 2235 se
652 2194 762 2250 susceperat,

162 2264 240 2303 suerunt
252 2261 305 2303 testes
317 2272 335 2303 et
348 2264 379 2314 qui
391 2264 433 2316 post
441 2260 511 2303 Christi
524 2260 543 2299 in
556 2258 630 2300 coelam
640 2261 763 2300 ascensionem

162 2325 237 2366 decimo
251 2323 295 2378 die,
310 2325 358 2366 festo
369 2325 499 2371 Pentecostes,
519 2323 670 2363 extraordinariis
684 2321 763 2421 Spiritgs

706 2384 737 2423 san
756 2381 763 2421 i
