1702 2774
180 141 213 206 36
230 150 342 188 cr‘rvr
358 150 387 185 rr.
417 149 456 184 oe
475 147 581 184 norro,
601 146 790 184 urrunnu.
843 191 847 197 ,

242 250 262 306 ᾗ,
274 246 361 289 XLVlll.
374 246 412 286 iarn
427 246 491 286 citato.
522 244 649 284 Diuersornrn
663 242 686 281 de
699 243 791 296 religione

245 309 324 351 naturali
331 308 431 348 sententias
440 309 511 351 adfert,
526 307 559 344 suo
569 305 633 345 addito
642 304 721 352 iudicio,
739 320 789 368 rori.

247 386 284 412 rn.
300 383 347 410 cor
353 384 367 411 r
373 384 386 410 n
394 371 413 409 in
422 366 578 412 Exercitatione
586 363 610 408 n'e
619 363 716 425 religione
727 366 749 409 in
756 380 792 426 ge·

249 428 330 476 nerent
342 432 439 489 perierim
447 427 545 473 rtottnolt'.
560 429 722 482 Tubingae1761.
738 430 793 468 l’rae·

249 494 334 535 stantiam
352 494 447 547 religionis
460 492 549 532 'naturalis
569 504 611 541 prae
627 490 667 530 aliis
687 491 794 542 praedicant
817 507 819 510 ⁴

253 571 267 597 r
273 569 391 597 vunerru
397 563 423 594 ns
431 556 450 594 in
459 550 636 596 Dilucidntionmn
644 553 717 591 suerum
727 553 771 592 Vol.
778 552 793 607 Ι.Ι

253 633 272 671 p.
283 632 337 673 7'¹¹·
348 625 367 655 et
379 628 567 656 arenosornrvs
577 615 596 654 in
607 608 740 658 Couciom'btts
748 609 796 673 gal·

254 678 290 723 lice
293 675 379 734 stellatis
388 676 411 715 ad
425 675 466 716 loh.
476 676 508 715 Xl.
521 690 538 727 p,
550 687 594 728 342.
621 682 624 687 '

256 838 315 895 Quod
323 836 431 877 horninibus
439 850 477 877 non
487 844 547 876 tantae
556 836 577 876 stt
584 834 659 876 utilitati
667 835 734 891 religio
745 840 797 876 natu·

197 900 248 951 ralis,
266 907 343 950 quantae
351 899 386 939 esse
394 896 462 951 pollet,
477 899 496 938 id
504 898 603 938 maximam
613 908 683 950 partein
692 901 756 950 eulpae
765 911 797 937 eo-

199 975 242 1002 rurn
252 960 277 999 est
284 961 410 1003 tribuendum,
440 960 509 999 Partiln
519 960 569 999 enirn
579 972 617 998 non
627 973 679 1005 earn,
692 972 746 1009 quarn
756 959 797 999 sieri

199 1029 307 1074 oporteret,
318 1022 408 1062 adhibent
416 1034 504 1074 operam,
519 1028 540 1061 vt
550 1020 611 1061 ornnia
622 1029 641 1059 et
653 1021 732 1074 singula,
749 1033 796 1069 qliae

199 1082 340 1136 eomplefilitur,
352 1084 425 1136 penitus
434 1085 557 1135 eognoscant;
575 1083 641 1134 partim
655 1089 798 1135 praeceptorum

199 1145 240 1185 eins
250 1144 339 1185 autoritas
347 1146 409 1184 minus
418 1146 466 1196 apud
476 1157 508 1184 eos
520 1147 580 1190 nolet,
598 1157 653 1193 quarn
667 1147 729 1183 valere
743 1144 799 1182 debe-

199 1213 235 1247 ret.
268 1207 371 1244 Fatendum
380 1213 441 1246 tanren
450 1206 482 1258 est,
496 1206 587 1257 plurinros
597 1206 622 1244 ob
632 1205 682 1244 uaria
690 1204 746 1250 vitae,
759 1205 799 1254 qui·

201 1268 237 1305 bus
244 1266 359 1313 distinemur,
369 1267 444 1318 negotia
452 1275 470 1306 et
475 1267 501 1305 ob
509 1265 568 1305 restae
575 1266 695 1305 iustitutionis
702 1267 798 1317 penuriam

200 1340 262 1383 carere
270 1327 365 1365 occasione
375 1327 471 1379 ingenium
481 1329 533 1365 suurn
543 1326 584 1365 satis
594 1327 704 1370 exercendi,
721 1339 758 1375 quo
771 1328 798 1373 lit,

200 1384 222 1427 vt
231 1389 284 1439 saepe
293 1387 312 1427 in
322 1389 392 1428 summa
403 1401 480 1434 eorum,
496 1401 542 1438 quae
557 1390 598 1426 leno
612 1387 664 1426 iubet
677 1386 736 1434 ratio,
756 1401 798 1426 ver-

165 1477 167 1479 -
195 1451 263 1489 ’sentur
271 1449 382 1501 ignorantia.
412 1451 433 1488 ld
444 1463 490 1489 vero
499 1450 517 1488 in
526 1450 615 1501 religione
624 1450 701 1488 naturali
711 1462 748 1487 non
762 1450 798 1489 siue

202 1512 256 1550 causa
268 1510 389 1557 desideratur,
407 1512 459 1561 quoti
472 1511 517 1549 nihil
529 1511 574 1549 certi
588 1511 610 1548 de
623 1508 711 1548 notionis
723 1511 798 1559 quiun-

202 1572 246 1609 drrn
260 1572 387 1624 grauioribus,
408 1579 430 1611 ut
441 1573 464 1609 rie
477 1573 548 1624 origine
561 1571 638 1619 mundi,
655 1566 677 1609 de
691 1572 734 1610 nrali
748 1585 799 1623 prae·

202 1632 265 1671 sertim
275 1633 352 1672 moralis
363 1633 423 1684 primo
432 1633 497 1681 sonte,
514 1634 536 1672 de
549 1628 621 1673 ratione
634 1633 699 1672 neniae
713 1641 799 1684 peceato·

192 1706 244 1733 euru
254 1707 263 1733 a
272 1694 317 1733 Deo
326 1694 437 1739 obtinentia,
454 1695 476 1733 de
485 1694 523 1734 vita
534 1695 574 1746 poll
583 1701 664 1734 mortenr
672 1692 735 1733 lutura
744 1694 799 1734 nobis

201 1754 256 1808 possit
265 1755 342 1799 tradere.
370 1756 425 1797 Hane
433 1755 490 1809 igitur
498 1755 524 1796 ob
530 1756 685 1808 eansarnoptanrla
694 1755 738 1796 esset
746 1769 800 1797 reue·
822 1809 825 1810 ⁷

201 1818 247 1857 latio
256 1817 331 1864 diuina,
348 1831 382 1869 qna
390 1819 422 1871 ipsi
431 1818 518 1872 religioni
529 1819 607 1859 naturali
619 1819 679 1858 maior
692 1819 799 1859 conciliare·

201 1886 233 1919 tur
245 1880 334 1921 autoritas
344 1889 362 1921 et
370 1881 439 1921 utilitas
451 1889 470 1920 et
483 1894 518 1932 qua
533 1878 635 1935 quaedam,¹⁴
648 1894 728 1932 quornrn
741 1881 799 1921 scien.

201 1941 228 1981 tia
237 1942 319 1983 maxime
330 1938 353 1982 ad
361 1942 441 1982 hominis
448 1943 556 1984 felicitatem
565 1944 609 1985 sarit
619 1952 638 1984 et
646 1956 693 1994 quae
705 1944 761 1985 lolius
770 1957 799 1985 ra·

201 2003 258 2043 tionis
268 2017 304 2057 ope
313 2004 386 2055 exquiri
394 2018 433 2044 non
439 2004 524 2058 possunt,
538 2006 672 2060 supplerentur.

174 2117 180 2124 ,
229 2085 296 2139 Quam
305 2085 371 2126 rnisera
379 2085 425 2126 olim
432 2082 528 2140 religionis
537 2086 585 2127 inter
594 2086 671 2140 gentiles
682 2086 740 2126 fuerit
752 2100 798 2127 con.

260 2147 307 2186 ditio
315 2156 334 2188 et
343 2160 473 2200 qnanrparunr
483 2148 505 2188 de
514 2148 568 2188 unius
578 2149 616 2188 Dei
629 2151 690 2198 cultu,
705 2150 729 2188 de
742 2158 797 2201 regu-

258 2209 277 2245 la
288 2220 362 2248 morum
371 2219 389 2249 et
399 2210 422 2248 de
434 2209 565 2261 hominis'post
576 2218 657 2249 mortem
669 2210 715 2250 statu
727 2214 797 2248 reuele-

258 2269 309 2309 tione
319 2270 398 2312 destituti
410 2270 496 2312 homines
504 2272 567 2327 priscis
575 2272 700 2314 intellexerint
708 2271 797 2324 ternpori·

755 2333 798 2383 bus,
