<?xml version="1.0" encoding="UTF-8"?>
<!DOCTYPE html PUBLIC "-//W3C//DTD XHTML 1.0 Transitional//EN"
    "http://www.w3.org/TR/xhtml1/DTD/xhtml1-transitional.dtd">
<html xmlns="http://www.w3.org/1999/xhtml" xml:lang="en" lang="en">
 <head>
  <title>
</title>
<meta http-equiv="Content-Type" content="text/html;charset=utf-8" />
  <meta name='ocr-system' content='tesseract 3.04.00' />
  <meta name='ocr-capabilities' content='ocr_page ocr_carea ocr_par ocr_line ocrx_word'/>
</head>
<body>
  <div class='ocr_page' id='page_1' title='image "MN40378ucmf_1_0205.png"; bbox 0 0 1702 2774; ppageno 0'>
   <div class='ocr_carea' id='block_1_1' title="bbox 98 142 690 203">
    <p class='ocr_par' dir='ltr' id='par_1_1' title="bbox 98 142 690 203">
     <span class='ocr_line' id='line_1_1' title="bbox 98 142 690 203; baseline -0.007 -12"><span class='ocrx_word' id='word_1_1' title='bbox 98 142 690 203; x_wconf 66' lang='lat' dir='ltr'>DEHOMINVMSTATVPRIMOetC.163</span> 
     </span>
    </p>
   </div>
   <div class='ocr_carea' id='block_1_2' title="bbox 19 236 687 1409">
    <p class='ocr_par' dir='ltr' id='par_1_2' title="bbox 19 236 687 1409">
     <span class='ocr_line' id='line_1_2' title="bbox 81 236 687 298; baseline -0.008 -4"><span class='ocrx_word' id='word_1_2' title='bbox 81 258 205 296; x_wconf 82' lang='lat' dir='ltr'>conuertere,</span> <span class='ocrx_word' id='word_1_3' title='bbox 219 248 268 287; x_wconf 88' lang='lat' dir='ltr'>bene</span> <span class='ocrx_word' id='word_1_4' title='bbox 281 245 375 286; x_wconf 84' lang='lat' dir='ltr'>constituti</span> <span class='ocrx_word' id='word_1_5' title='bbox 389 243 471 295; x_wconf 76' lang='lat' dir='ltr'>ordinis,</span> <span class='ocrx_word' id='word_1_6' title='bbox 491 259 529 298; x_wconf 90' lang='lat' dir='ltr'>quo</span> <span class='ocrx_word' id='word_1_7' title='bbox 543 255 563 287; x_wconf 90' lang='lat' dir='ltr'>et</span> <span class='ocrx_word' id='word_1_8' title='bbox 577 236 687 289; x_wconf 74' lang='lat' dir='ltr'>hominibus</span> 
     </span>
     <span class='ocr_line' id='line_1_3' title="bbox 81 307 687 359; baseline -0.003 -7"><span class='ocrx_word' id='word_1_9' title='bbox 81 312 171 359; x_wconf 70' lang='lat' dir='ltr'>erbrntis</span> <span class='ocrx_word' id='word_1_10' title='bbox 181 308 306 349; x_wconf 80' lang='lat' dir='ltr'>animantibus</span> <span class='ocrx_word' id='word_1_11' title='bbox 316 307 430 356; x_wconf 82' lang='lat' dir='ltr'>consulitur,</span> <span class='ocrx_word' id='word_1_12' title='bbox 443 308 534 348; x_wconf 84' lang='lat' dir='ltr'>rationem</span> <span class='ocrx_word' id='word_1_13' title='bbox 549 309 631 356; x_wconf 84' lang='lat' dir='ltr'>habere,</span> <span class='ocrx_word' id='word_1_14' title='bbox 647 322 687 351; x_wconf 83' lang='lat' dir='ltr'>ma·</span> 
     </span>
     <span class='ocr_line' id='line_1_4' title="bbox 76 368 686 418; baseline -0.002 -6"><span class='ocrx_word' id='word_1_15' title='bbox 76 377 142 415; x_wconf 78' lang='lat' dir='ltr'>iorum</span> <span class='ocrx_word' id='word_1_16' title='bbox 151 371 232 417; x_wconf 85' lang='lat' dir='ltr'>inuentis</span> <span class='ocrx_word' id='word_1_17' title='bbox 241 371 263 408; x_wconf 82' lang='lat' dir='ltr'>ad</span> <span class='ocrx_word' id='word_1_18' title='bbox 276 368 377 408; x_wconf 83' lang='lat' dir='ltr'>commoda</span> <span class='ocrx_word' id='word_1_19' title='bbox 385 369 417 405; x_wconf 85' lang='lat' dir='ltr'>sua</span> <span class='ocrx_word' id='word_1_20' title='bbox 425 370 510 418; x_wconf 82' lang='lat' dir='ltr'>augenda</span> <span class='ocrx_word' id='word_1_21' title='bbox 519 370 568 410; x_wconf 72' lang='lat' dir='ltr'>reete</span> <span class='ocrx_word' id='word_1_22' title='bbox 582 371 611 411; x_wconf 87' lang='lat' dir='ltr'>vti</span> <span class='ocrx_word' id='word_1_23' title='bbox 624 378 644 410; x_wconf 88' lang='lat' dir='ltr'>et</span> <span class='ocrx_word' id='word_1_24' title='bbox 657 375 686 411; x_wconf 87' lang='lat' dir='ltr'>se·</span> 
     </span>
     <span class='ocr_line' id='line_1_5' title="bbox 76 427 683 489; baseline 0 -16"><span class='ocrx_word' id='word_1_25' title='bbox 76 448 111 475; x_wconf 66' lang='lat' dir='ltr'>,rae</span> <span class='ocrx_word' id='word_1_26' title='bbox 121 431 223 484; x_wconf 78' lang='lat' dir='ltr'>posteritati</span> <span class='ocrx_word' id='word_1_27' title='bbox 233 429 297 474; x_wconf 76' lang='lat' dir='ltr'>fatris,</span> <span class='ocrx_word' id='word_1_28' title='bbox 313 427 394 466; x_wconf 85' lang='lat' dir='ltr'>inuentis</span> <span class='ocrx_word' id='word_1_29' title='bbox 404 435 423 466; x_wconf 90' lang='lat' dir='ltr'>et</span> <span class='ocrx_word' id='word_1_30' title='bbox 431 429 510 468; x_wconf 82' lang='lat' dir='ltr'>confiliis</span> <span class='ocrx_word' id='word_1_31' title='bbox 522 433 559 471; x_wconf 86' lang='lat' dir='ltr'>suis</span> <span class='ocrx_word' id='word_1_32' title='bbox 571 433 623 473; x_wconf 84' lang='lat' dir='ltr'>vn&#39;tts</span> <span class='ocrx_word' id='word_1_33' title='bbox 637 431 683 489; x_wconf 79' lang='lat' dir='ltr'>effe,</span> 
     </span>
     <span class='ocr_line' id='line_1_6' title="bbox 25 488 683 541; baseline 0.008 -7"><span class='ocrx_word' id='word_1_34' title='bbox 25 494 27 496; x_wconf 75' lang='grc'><strong>’</strong></span> <span class='ocrx_word' id='word_1_35' title='bbox 53 490 55 493; x_wconf 43' lang='lat'><em>⁴</em></span> <span class='ocrx_word' id='word_1_36' title='bbox 77 495 170 537; x_wconf 86' lang='lat' dir='ltr'>mundum</span> <span class='ocrx_word' id='word_1_37' title='bbox 179 500 199 531; x_wconf 90' lang='lat' dir='ltr'>et</span> <span class='ocrx_word' id='word_1_38' title='bbox 207 492 271 532; x_wconf 90' lang='lat' dir='ltr'>Deum</span> <span class='ocrx_word' id='word_1_39' title='bbox 280 488 405 541; x_wconf 76' lang='lat' dir='ltr'>cognoscere,</span> <span class='ocrx_word' id='word_1_40' title='bbox 425 501 446 527; x_wconf 86' lang='lat' dir='ltr'>ac</span> <span class='ocrx_word' id='word_1_41' title='bbox 460 488 547 540; x_wconf 84' lang='lat' dir='ltr'>pietatem</span> <span class='ocrx_word' id='word_1_42' title='bbox 559 502 578 533; x_wconf 87' lang='lat' dir='ltr'>et</span> <span class='ocrx_word' id='word_1_43' title='bbox 590 495 683 539; x_wconf 84' lang='lat' dir='ltr'>virtutem</span> 
     </span>
     <span class='ocr_line' id='line_1_7' title="bbox 19 548 683 607; baseline -0.008 -9"><span class='ocrx_word' id='word_1_44' title='bbox 19 596 21 598; x_wconf 87' lang='lat'>.</span> <span class='ocrx_word' id='word_1_45' title='bbox 77 560 140 596; x_wconf 83' lang='lat' dir='ltr'>colere</span> <span class='ocrx_word' id='word_1_46' title='bbox 148 553 215 607; x_wconf 85' lang='lat' dir='ltr'>potest.</span> <span class='ocrx_word' id='word_1_47' title='bbox 248 553 295 605; x_wconf 84' lang='lat' dir='ltr'>Quo</span> <span class='ocrx_word' id='word_1_48' title='bbox 303 550 362 588; x_wconf 82' lang='lat' dir='ltr'>maius</span> <span class='ocrx_word' id='word_1_49' title='bbox 373 548 433 589; x_wconf 90' lang='lat' dir='ltr'>homo</span> <span class='ocrx_word' id='word_1_50' title='bbox 442 549 522 590; x_wconf 89' lang='lat' dir='ltr'>studium</span> <span class='ocrx_word' id='word_1_51' title='bbox 532 553 551 591; x_wconf 92' lang='lat' dir='ltr'>in</span> <span class='ocrx_word' id='word_1_52' title='bbox 561 555 683 599; x_wconf 64' lang='lat' dir='ltr'>facultatibus:</span> 
     </span>
     <span class='ocr_line' id='line_1_8' title="bbox 76 610 683 667; baseline 0.008 -11"><span class='ocrx_word' id='word_1_53' title='bbox 76 618 113 656; x_wconf 87' lang='lat' dir='ltr'>suis</span> <span class='ocrx_word' id='word_1_54' title='bbox 127 613 243 667; x_wconf 82' lang='lat' dir='ltr'>perficiendis</span> <span class='ocrx_word' id='word_1_55' title='bbox 257 618 276 652; x_wconf 90' lang='lat' dir='ltr'>et</span> <span class='ocrx_word' id='word_1_56' title='bbox 291 610 316 649; x_wconf 80' lang='lat' dir='ltr'>ad</span> <span class='ocrx_word' id='word_1_57' title='bbox 331 610 408 650; x_wconf 71' lang='lat' dir='ltr'>rationis</span> <span class='ocrx_word' id='word_1_58' title='bbox 425 613 558 666; x_wconf 78' lang='lat' dir='ltr'>praescriptum</span> <span class='ocrx_word' id='word_1_59' title='bbox 571 616 683 660; x_wconf 73' lang='lat' dir='ltr'>adhibendis</span> 
     </span>
     <span class='ocr_line' id='line_1_9' title="bbox 74 671 680 729; baseline 0.007 -13"><span class='ocrx_word' id='word_1_60' title='bbox 74 677 142 729; x_wconf 83' lang='lat' dir='ltr'>ponit,</span> <span class='ocrx_word' id='word_1_61' title='bbox 158 687 196 726; x_wconf 90' lang='lat' dir='ltr'>quo</span> <span class='ocrx_word' id='word_1_62' title='bbox 206 671 314 726; x_wconf 75' lang='lat' dir='ltr'>diligentior</span> <span class='ocrx_word' id='word_1_63' title='bbox 323 671 376 712; x_wconf 87' lang='lat' dir='ltr'>estin</span> <span class='ocrx_word' id='word_1_64' title='bbox 384 673 472 713; x_wconf 83' lang='lat' dir='ltr'>omnibus</span> <span class='ocrx_word' id='word_1_65' title='bbox 485 674 542 715; x_wconf 84' lang='lat' dir='ltr'>officii</span> <span class='ocrx_word' id='word_1_66' title='bbox 551 676 586 724; x_wconf 86' lang='lat' dir='ltr'>sui,</span> <span class='ocrx_word' id='word_1_67' title='bbox 600 679 637 718; x_wconf 83' lang='lat' dir='ltr'>fine</span> <span class='ocrx_word' id='word_1_68' title='bbox 647 694 680 721; x_wconf 85' lang='lat' dir='ltr'>eo·</span> 
     </span>
     <span class='ocr_line' id='line_1_10' title="bbox 75 733 677 797; baseline 0.01 -20"><span class='ocrx_word' id='word_1_69' title='bbox 75 751 132 784; x_wconf 73' lang='lat' dir='ltr'>rum,</span> <span class='ocrx_word' id='word_1_70' title='bbox 143 749 189 788; x_wconf 76' lang='lat' dir='ltr'>quae</span> <span class='ocrx_word' id='word_1_71' title='bbox 198 736 253 781; x_wconf 80' lang='lat' dir='ltr'>Deo,</span> <span class='ocrx_word' id='word_1_72' title='bbox 270 734 303 774; x_wconf 83' lang='lat' dir='ltr'>fibi</span> <span class='ocrx_word' id='word_1_73' title='bbox 311 743 329 775; x_wconf 88' lang='lat' dir='ltr'>et</span> <span class='ocrx_word' id='word_1_74' title='bbox 338 733 378 774; x_wconf 80' lang='lat' dir='ltr'>aliis</span> <span class='ocrx_word' id='word_1_75' title='bbox 391 734 458 781; x_wconf 83' lang='lat' dir='ltr'>debet,</span> <span class='ocrx_word' id='word_1_76' title='bbox 475 736 559 788; x_wconf 78' lang='lat' dir='ltr'>portibus</span> <span class='ocrx_word' id='word_1_77' title='bbox 573 743 677 797; x_wconf 79' lang='lat' dir='ltr'><strong>explendis,</strong></span> 
     </span>
     <span class='ocr_line' id='line_1_11' title="bbox 75 797 678 851; baseline 0.005 -11"><span class='ocrx_word' id='word_1_78' title='bbox 75 813 101 842; x_wconf 92' lang='lat' dir='ltr'>eo</span> <span class='ocrx_word' id='word_1_79' title='bbox 109 803 128 840; x_wconf 89' lang='lat' dir='ltr'>se</span> <span class='ocrx_word' id='word_1_80' title='bbox 136 798 198 839; x_wconf 80' lang='lat' dir='ltr'>reddit</span> <span class='ocrx_word' id='word_1_81' title='bbox 205 797 310 838; x_wconf 82' lang='lat' dir='ltr'>feliciorem</span> <span class='ocrx_word' id='word_1_82' title='bbox 318 804 337 836; x_wconf 87' lang='lat' dir='ltr'>et</span> <span class='ocrx_word' id='word_1_83' title='bbox 345 808 369 835; x_wconf 87' lang='lat' dir='ltr'>eo</span> <span class='ocrx_word' id='word_1_84' title='bbox 378 797 520 838; x_wconf 79' lang='lat' dir='ltr'>conuenienu&#39;ns</span> <span class='ocrx_word' id='word_1_85' title='bbox 531 799 581 841; x_wconf 81' lang='lat' dir='ltr'>uiuit</span> <span class='ocrx_word' id='word_1_86' title='bbox 593 803 637 851; x_wconf 82' lang='lat' dir='ltr'>fini,</span> <span class='ocrx_word' id='word_1_87' title='bbox 653 807 678 846; x_wconf 77' lang='lat' dir='ltr'>nd</span> 
     </span>
     <span class='ocr_line' id='line_1_12' title="bbox 75 859 677 916; baseline -0.002 -13"><span class='ocrx_word' id='word_1_88' title='bbox 75 875 131 915; x_wconf 91' lang='lat' dir='ltr'>quem</span> <span class='ocrx_word' id='word_1_89' title='bbox 141 876 150 902; x_wconf 86' lang='lat' dir='ltr'>a</span> <span class='ocrx_word' id='word_1_90' title='bbox 161 862 205 901; x_wconf 90' lang='lat' dir='ltr'>Deo</span> <span class='ocrx_word' id='word_1_91' title='bbox 215 859 241 900; x_wconf 89' lang='lat' dir='ltr'>est</span> <span class='ocrx_word' id='word_1_92' title='bbox 249 867 362 913; x_wconf 72' lang='lat' dir='ltr'>procreatur.</span> <span class='ocrx_word' id='word_1_93' title='bbox 394 859 490 916; x_wconf 79' lang='lat' dir='ltr'>Quoniam</span> <span class='ocrx_word' id='word_1_94' title='bbox 502 869 565 902; x_wconf 86' lang='lat' dir='ltr'>autern</span> <span class='ocrx_word' id='word_1_95' title='bbox 574 862 630 906; x_wconf 83' lang='lat' dir='ltr'>habet</span> <span class='ocrx_word' id='word_1_96' title='bbox 638 868 677 908; x_wconf 81' lang='lat' dir='ltr'>ani.</span> 
     </span>
     <span class='ocr_line' id='line_1_13' title="bbox 73 921 677 979; baseline 0.008 -13"><span class='ocrx_word' id='word_1_97' title='bbox 73 939 125 966; x_wconf 80' lang='lat' dir='ltr'>mam</span> <span class='ocrx_word' id='word_1_98' title='bbox 133 924 258 964; x_wconf 76' lang='lat' dir='ltr'>immortalem</span> <span class='ocrx_word' id='word_1_99' title='bbox 269 921 299 979; x_wconf 55' lang='grc' dir='ltr'>(ᾗ</span> <span class='ocrx_word' id='word_1_100' title='bbox 310 921 483 978; x_wconf 63' lang='lat' dir='ltr'>XLIII-XLVI),</span> <span class='ocrx_word' id='word_1_101' title='bbox 499 925 552 964; x_wconf 87' lang='lat' dir='ltr'>omni</span> <span class='ocrx_word' id='word_1_102' title='bbox 565 939 610 968; x_wconf 87' lang='lat' dir='ltr'>cura</span> <span class='ocrx_word' id='word_1_103' title='bbox 623 929 643 969; x_wconf 90' lang='lat' dir='ltr'>id</span> <span class='ocrx_word' id='word_1_104' title='bbox 658 930 677 971; x_wconf 87' lang='lat' dir='ltr'>ei</span> 
     </span>
     <span class='ocr_line' id='line_1_14' title="bbox 72 985 676 1040; baseline 0.008 -12"><span class='ocrx_word' id='word_1_105' title='bbox 72 988 213 1040; x_wconf 68' lang='lat' dir='ltr'>&#39;estagendnm‚</span> <span class='ocrx_word' id='word_1_106' title='bbox 228 993 250 1025; x_wconf 87' lang='lat' dir='ltr'>vt</span> <span class='ocrx_word' id='word_1_107' title='bbox 262 998 300 1025; x_wconf 93' lang='lat' dir='ltr'>non</span> <span class='ocrx_word' id='word_1_108' title='bbox 313 987 373 1024; x_wconf 87' lang='lat' dir='ltr'>sotum</span> <span class='ocrx_word' id='word_1_109' title='bbox 387 985 406 1024; x_wconf 91' lang='lat' dir='ltr'>in</span> <span class='ocrx_word' id='word_1_110' title='bbox 420 985 466 1035; x_wconf 83' lang='lat' dir='ltr'>hac,</span> <span class='ocrx_word' id='word_1_111' title='bbox 486 988 517 1026; x_wconf 87' lang='lat' dir='ltr'>sed</span> <span class='ocrx_word' id='word_1_112' title='bbox 533 988 588 1028; x_wconf 77' lang='lat' dir='ltr'>etiem</span> <span class='ocrx_word' id='word_1_113' title='bbox 602 989 622 1030; x_wconf 89' lang='lat' dir='ltr'>in</span> <span class='ocrx_word' id='word_1_114' title='bbox 636 992 676 1033; x_wconf 81' lang='lat' dir='ltr'>vita</span> 
     </span>
     <span class='ocr_line' id='line_1_15' title="bbox 72 1046 676 1103; baseline -0.003 -14"><span class='ocrx_word' id='word_1_115' title='bbox 72 1050 114 1103; x_wconf 87' lang='lat' dir='ltr'>post</span> <span class='ocrx_word' id='word_1_116' title='bbox 122 1057 202 1089; x_wconf 83' lang='lat' dir='ltr'>mortem</span> <span class='ocrx_word' id='word_1_117' title='bbox 211 1048 285 1095; x_wconf 82' lang='lat' dir='ltr'>futura,</span> <span class='ocrx_word' id='word_1_118' title='bbox 301 1046 334 1086; x_wconf 85' lang='lat' dir='ltr'>fibi</span> <span class='ocrx_word' id='word_1_119' title='bbox 342 1046 389 1085; x_wconf 87' lang='lat' dir='ltr'>bene</span> <span class='ocrx_word' id='word_1_120' title='bbox 399 1047 430 1098; x_wconf 83' lang='lat' dir='ltr'>sit,</span> <span class='ocrx_word' id='word_1_121' title='bbox 445 1054 464 1087; x_wconf 86' lang='lat' dir='ltr'>ct</span> <span class='ocrx_word' id='word_1_122' title='bbox 473 1049 560 1098; x_wconf 80' lang='lat' dir='ltr'>qnoniam</span> <span class='ocrx_word' id='word_1_123' title='bbox 573 1064 608 1102; x_wconf 90' lang='lat' dir='ltr'>per</span> <span class='ocrx_word' id='word_1_124' title='bbox 621 1065 676 1093; x_wconf 84' lang='lat' dir='ltr'>reue.</span> 
     </span>
     <span class='ocr_line' id='line_1_16' title="bbox 72 1107 674 1164; baseline 0.003 -13"><span class='ocrx_word' id='word_1_125' title='bbox 72 1112 163 1151; x_wconf 80' lang='lat' dir='ltr'>lationem</span> <span class='ocrx_word' id='word_1_126' title='bbox 173 1109 256 1149; x_wconf 72' lang='lat' dir='ltr'>diuinam</span> <span class='ocrx_word' id='word_1_127' title='bbox 266 1107 295 1164; x_wconf 67' lang='lat' dir='ltr'>(p</span> <span class='ocrx_word' id='word_1_128' title='bbox 306 1107 369 1160; x_wconf 75' lang='grc' dir='ltr'>ΗΧ.)</span> <span class='ocrx_word' id='word_1_129' title='bbox 378 1111 444 1155; x_wconf 79' lang='lat' dir='ltr'>multa,</span> <span class='ocrx_word' id='word_1_130' title='bbox 460 1110 483 1148; x_wconf 86' lang='lat' dir='ltr'>ad</span> <span class='ocrx_word' id='word_1_131' title='bbox 493 1122 557 1150; x_wconf 80' lang='lat' dir='ltr'>veram</span> <span class='ocrx_word' id='word_1_132' title='bbox 566 1114 617 1152; x_wconf 77' lang='lat' dir='ltr'>snznn</span> <span class='ocrx_word' id='word_1_133' title='bbox 626 1115 674 1153; x_wconf 68' lang='lat' dir='ltr'>serlu-</span> 
     </span>
     <span class='ocr_line' id='line_1_17' title="bbox 71 1167 674 1223; baseline 0.005 -11"><span class='ocrx_word' id='word_1_134' title='bbox 71 1181 111 1212; x_wconf 85' lang='lat' dir='ltr'>tem</span> <span class='ocrx_word' id='word_1_135' title='bbox 119 1170 257 1222; x_wconf 82' lang='lat' dir='ltr'>procurandam</span> <span class='ocrx_word' id='word_1_136' title='bbox 265 1167 369 1215; x_wconf 80' lang='lat' dir='ltr'>necessaria,</span> <span class='ocrx_word' id='word_1_137' title='bbox 385 1168 417 1219; x_wconf 81' lang='lat' dir='ltr'>ipn</span> <span class='ocrx_word' id='word_1_138' title='bbox 427 1171 468 1208; x_wconf 90' lang='lat' dir='ltr'>sunt</span> <span class='ocrx_word' id='word_1_139' title='bbox 479 1170 557 1217; x_wconf 71' lang='lat' dir='ltr'>denua,</span> <span class='ocrx_word' id='word_1_140' title='bbox 572 1186 619 1223; x_wconf 86' lang='lat' dir='ltr'>quae</span> <span class='ocrx_word' id='word_1_141' title='bbox 629 1176 674 1216; x_wconf 73' lang='lat' dir='ltr'>aliae</span> 
     </span>
     <span class='ocr_line' id='line_1_18' title="bbox 70 1227 674 1285; baseline 0.007 -13"><span class='ocrx_word' id='word_1_142' title='bbox 70 1231 178 1285; x_wconf 78' lang='lat' dir='ltr'>ignoraret,</span> <span class='ocrx_word' id='word_1_143' title='bbox 192 1228 231 1269; x_wconf 80' lang='lat' dir='ltr'>eius</span> <span class='ocrx_word' id='word_1_144' title='bbox 240 1242 315 1279; x_wconf 84' lang='lat' dir='ltr'>qnoque</span> <span class='ocrx_word' id='word_1_145' title='bbox 323 1227 359 1281; x_wconf 82' lang='lat' dir='ltr'>est,</span> <span class='ocrx_word' id='word_1_146' title='bbox 374 1241 450 1270; x_wconf 88' lang='lat' dir='ltr'>omnem</span> <span class='ocrx_word' id='word_1_147' title='bbox 460 1231 503 1270; x_wconf 82' lang='lat' dir='ltr'>dare</span> <span class='ocrx_word' id='word_1_148' title='bbox 513 1244 601 1283; x_wconf 81' lang='lat' dir='ltr'>operam,</span> <span class='ocrx_word' id='word_1_149' title='bbox 617 1242 639 1275; x_wconf 91' lang='lat' dir='ltr'>vt</span> <span class='ocrx_word' id='word_1_150' title='bbox 648 1250 674 1280; x_wconf 80' lang='lat' dir='ltr'>ex</span> 
     </span>
     <span class='ocr_line' id='line_1_19' title="bbox 70 1290 671 1347; baseline 0.01 -14"><span class='ocrx_word' id='word_1_151' title='bbox 70 1293 105 1343; x_wconf 81' lang='lat' dir='ltr'>hac</span> <span class='ocrx_word' id='word_1_152' title='bbox 114 1291 197 1332; x_wconf 77' lang='lat' dir='ltr'>dourtna</span> <span class='ocrx_word' id='word_1_153' title='bbox 206 1291 280 1332; x_wconf 79' lang='lat' dir='ltr'>coelesti</span> <span class='ocrx_word' id='word_1_154' title='bbox 287 1290 306 1329; x_wconf 93' lang='lat' dir='ltr'>in</span> <span class='ocrx_word' id='word_1_155' title='bbox 316 1290 349 1337; x_wconf 81' lang='lat' dir='ltr'>iis,</span> <span class='ocrx_word' id='word_1_156' title='bbox 364 1303 411 1342; x_wconf 87' lang='lat' dir='ltr'>qnae</span> <span class='ocrx_word' id='word_1_157' title='bbox 424 1291 458 1332; x_wconf 83' lang='lat' dir='ltr'>fibi</span> <span class='ocrx_word' id='word_1_158' title='bbox 467 1294 509 1333; x_wconf 86' lang='lat' dir='ltr'>suut</span> <span class='ocrx_word' id='word_1_159' title='bbox 523 1294 599 1347; x_wconf 84' lang='lat' dir='ltr'>cognitu</span> <span class='ocrx_word' id='word_1_160' title='bbox 612 1297 671 1347; x_wconf 81' lang='lat' dir='ltr'>utilia,</span> 
     </span>
     <span class='ocr_line' id='line_1_20' title="bbox 70 1352 631 1409; baseline 0.005 -14"><span class='ocrx_word' id='word_1_161' title='bbox 70 1355 156 1409; x_wconf 79' lang='lat' dir='ltr'>proficiat</span> <span class='ocrx_word' id='word_1_162' title='bbox 166 1361 185 1393; x_wconf 89' lang='lat' dir='ltr'>et</span> <span class='ocrx_word' id='word_1_163' title='bbox 194 1362 215 1393; x_wconf 88' lang='lat' dir='ltr'>vr</span> <span class='ocrx_word' id='word_1_164' title='bbox 224 1353 247 1394; x_wconf 83' lang='lat' dir='ltr'>ad</span> <span class='ocrx_word' id='word_1_165' title='bbox 256 1365 296 1392; x_wconf 84' lang='lat' dir='ltr'>eam</span> <span class='ocrx_word' id='word_1_166' title='bbox 304 1352 386 1393; x_wconf 84' lang='lat' dir='ltr'>instituta</span> <span class='ocrx_word' id='word_1_167' title='bbox 396 1354 428 1393; x_wconf 88' lang='lat' dir='ltr'>sua</span> <span class='ocrx_word' id='word_1_168' title='bbox 437 1355 509 1407; x_wconf 84' lang='lat' dir='ltr'>semper</span> <span class='ocrx_word' id='word_1_169' title='bbox 518 1356 631 1402; x_wconf 81' lang='lat' dir='ltr'>conformer.</span> 
     </span>
    </p>
   </div>
   <div class='ocr_carea' id='block_1_3' title="bbox 76 1436 696 1691">
    <p class='ocr_par' dir='ltr' id='par_1_3' title="bbox 76 1436 696 1613">
     <span class='ocr_line' id='line_1_21' title="bbox 101 1436 671 1481; baseline 0.005 -3"><span class='ocrx_word' id='word_1_170' title='bbox 101 1436 181 1478; x_wconf 81' lang='lat' dir='ltr'>Confer.</span> <span class='ocrx_word' id='word_1_171' title='bbox 196 1448 248 1477; x_wconf 78' lang='lat' dir='ltr'>rora.</span> <span class='ocrx_word' id='word_1_172' title='bbox 262 1445 350 1476; x_wconf 77' lang='lat' dir='ltr'>rouen.</span> <span class='ocrx_word' id='word_1_173' title='bbox 366 1445 395 1473; x_wconf 82' lang='lat' dir='ltr'>sr</span> <span class='ocrx_word' id='word_1_174' title='bbox 405 1446 577 1476; x_wconf 70' lang='lat' dir='ltr'>nenrrrovon</span> <span class='ocrx_word' id='word_1_175' title='bbox 590 1439 623 1479; x_wconf 86' lang='lat' dir='ltr'>der</span> <span class='ocrx_word' id='word_1_176' title='bbox 636 1440 671 1481; x_wconf 86' lang='lat' dir='ltr'>Be-</span> 
     </span>
     <span class='ocr_line' id='line_1_22' title="bbox 77 1493 696 1555; baseline 0.011 -21"><span class='ocrx_word' id='word_1_177' title='bbox 77 1532 79 1540; x_wconf 62' lang='grc'>,,</span> <span class='ocrx_word' id='word_1_178' title='bbox 132 1495 233 1550; x_wconf 81' lang='lat' dir='ltr'>stimmung</span> <span class='ocrx_word' id='word_1_179' title='bbox 252 1495 284 1535; x_wconf 82' lang='lat' dir='ltr'>des</span> <span class='ocrx_word' id='word_1_180' title='bbox 301 1493 416 1541; x_wconf 84' lang='lat' dir='ltr'>Menschen,</span> <span class='ocrx_word' id='word_1_181' title='bbox 440 1496 469 1536; x_wconf 92' lang='lat' dir='ltr'>ed.</span> <span class='ocrx_word' id='word_1_182' title='bbox 491 1497 576 1555; x_wconf 65' lang='lat' dir='ltr'>septima,</span> <span class='ocrx_word' id='word_1_183' title='bbox 600 1501 672 1554; x_wconf 73' lang='lat' dir='ltr'>Lipsiae</span> <span class='ocrx_word' id='word_1_184' title='bbox 694 1524 696 1527; x_wconf 92' lang='lat'><em>-</em></span> 
     </span>
     <span class='ocr_line' id='line_1_23' title="bbox 76 1560 218 1613; baseline -0.021 -9"><span class='ocrx_word' id='word_1_185' title='bbox 76 1599 79 1604; x_wconf 90' lang='lat'>.</span> <span class='ocrx_word' id='word_1_186' title='bbox 129 1560 218 1613; x_wconf 79' lang='lat'><strong>1763.8.</strong></span> 
     </span>
    </p>

    <p class='ocr_par' dir='ltr' id='par_1_4' title="bbox 309 1634 434 1691">
     <span class='ocr_line' id='line_1_24' title="bbox 309 1634 434 1691; baseline 0 -14"><span class='ocrx_word' id='word_1_187' title='bbox 309 1636 328 1691; x_wconf 61' lang='lat' dir='ltr'>d.</span> <span class='ocrx_word' id='word_1_188' title='bbox 361 1634 434 1680; x_wconf 71' lang='lat' dir='ltr'>ean</span> 
     </span>
    </p>
   </div>
   <div class='ocr_carea' id='block_1_4' title="bbox 69 1713 670 1835">
    <p class='ocr_par' dir='ltr' id='par_1_5' title="bbox 69 1713 670 1835">
     <span class='ocr_line' id='line_1_25' title="bbox 126 1713 670 1775; baseline 0.013 -17"><span class='ocrx_word' id='word_1_189' title='bbox 126 1715 221 1775; x_wconf 76' lang='lat' dir='ltr'>Quisnam</span> <span class='ocrx_word' id='word_1_190' title='bbox 228 1714 286 1757; x_wconf 79' lang='lat' dir='ltr'>suerit</span> <span class='ocrx_word' id='word_1_191' title='bbox 292 1716 411 1771; x_wconf 79' lang='lat' dir='ltr'>primorum</span> <span class='ocrx_word' id='word_1_192' title='bbox 424 1713 529 1759; x_wconf 77' lang='lat' dir='ltr'>honrinurn</span> <span class='ocrx_word' id='word_1_193' title='bbox 536 1717 615 1773; x_wconf 77' lang='lat' dir='ltr'>status,</span> <span class='ocrx_word' id='word_1_194' title='bbox 630 1735 670 1765; x_wconf 85' lang='lat' dir='ltr'>non</span> 
     </span>
     <span class='ocr_line' id='line_1_26' title="bbox 69 1778 669 1835; baseline 0.005 -13"><span class='ocrx_word' id='word_1_195' title='bbox 69 1779 135 1823; x_wconf 75' lang='lat' dir='ltr'>nisiex</span> <span class='ocrx_word' id='word_1_196' title='bbox 145 1780 180 1827; x_wconf 77' lang='lat' dir='ltr'>iis,</span> <span class='ocrx_word' id='word_1_197' title='bbox 196 1791 243 1830; x_wconf 85' lang='lat' dir='ltr'>quae</span> <span class='ocrx_word' id='word_1_198' title='bbox 252 1778 318 1835; x_wconf 81' lang='lat' dir='ltr'>Moses</span> <span class='ocrx_word' id='word_1_199' title='bbox 328 1779 348 1819; x_wconf 88' lang='lat' dir='ltr'>iu</span> <span class='ocrx_word' id='word_1_200' title='bbox 355 1778 448 1830; x_wconf 88' lang='lat' dir='ltr'>principio</span> <span class='ocrx_word' id='word_1_201' title='bbox 456 1780 549 1820; x_wconf 80' lang='lat' dir='ltr'>Geneseos</span> <span class='ocrx_word' id='word_1_202' title='bbox 559 1784 583 1822; x_wconf 89' lang='lat' dir='ltr'>de</span> <span class='ocrx_word' id='word_1_203' title='bbox 595 1797 619 1823; x_wconf 93' lang='lat' dir='ltr'>eo</span> <span class='ocrx_word' id='word_1_204' title='bbox 632 1793 669 1826; x_wconf 77' lang='lat' dir='ltr'>tra-</span> 
     </span>
    </p>
   </div>
   <div class='ocr_carea' id='block_1_5' title="bbox 4 1837 669 1897">
    <p class='ocr_par' dir='ltr' id='par_1_6' title="bbox 4 1837 669 1897">
     <span class='ocr_line' id='line_1_27' title="bbox 4 1837 669 1897; baseline -0.003 -14"><span class='ocrx_word' id='word_1_205' title='bbox 4 1881 6 1883; x_wconf 74' lang='grc'><strong>,</strong></span> <span class='ocrx_word' id='word_1_206' title='bbox 69 1840 110 1890; x_wconf 77' lang='lat' dir='ltr'>dit,</span> <span class='ocrx_word' id='word_1_207' title='bbox 129 1840 221 1884; x_wconf 75' lang='lat' dir='ltr'>discimus.</span> <span class='ocrx_word' id='word_1_208' title='bbox 255 1837 336 1879; x_wconf 72' lang='lat' dir='ltr'>Exitus</span> <span class='ocrx_word' id='word_1_209' title='bbox 349 1839 443 1890; x_wconf 83' lang='lat' dir='ltr'>sequentia</span> <span class='ocrx_word' id='word_1_210' title='bbox 456 1841 549 1886; x_wconf 81' lang='lat' dir='ltr'>constent:</span> <span class='ocrx_word' id='word_1_211' title='bbox 569 1845 669 1897; x_wconf 75' lang='lat' dir='ltr'>1&gt;Denn1</span> 
     </span>
    </p>
   </div>
   <div class='ocr_carea' id='block_1_6' title="bbox 67 1903 669 2383">
    <p class='ocr_par' dir='ltr' id='par_1_7' title="bbox 67 1903 669 2334">
     <span class='ocr_line' id='line_1_28' title="bbox 68 1903 668 1955; baseline 0.015 -19"><span class='ocrx_word' id='word_1_212' title='bbox 68 1904 146 1944; x_wconf 73' lang='lat' dir='ltr'>Vnicum</span> <span class='ocrx_word' id='word_1_213' title='bbox 155 1903 253 1943; x_wconf 90' lang='lat' dir='ltr'>hominum</span> <span class='ocrx_word' id='word_1_214' title='bbox 262 1914 307 1953; x_wconf 84' lang='lat' dir='ltr'>par,</span> <span class='ocrx_word' id='word_1_215' title='bbox 324 1913 349 1939; x_wconf 76' lang='lat' dir='ltr'>ex</span> <span class='ocrx_word' id='word_1_216' title='bbox 364 1914 402 1951; x_wconf 89' lang='lat' dir='ltr'>quo</span> <span class='ocrx_word' id='word_1_217' title='bbox 416 1908 477 1941; x_wconf 85' lang='lat' dir='ltr'>totum</span> <span class='ocrx_word' id='word_1_218' title='bbox 492 1916 550 1955; x_wconf 85' lang='lat' dir='ltr'>genus</span> <span class='ocrx_word' id='word_1_219' title='bbox 563 1903 668 1950; x_wconf 81' lang='lat' dir='ltr'>humanum</span> 
     </span>
     <span class='ocr_line' id='line_1_29' title="bbox 68 1961 669 2022; baseline 0.002 -19"><span class='ocrx_word' id='word_1_220' title='bbox 68 1972 209 2017; x_wconf 82' lang='lat' dir='ltr'>propagaretur,</span> <span class='ocrx_word' id='word_1_221' title='bbox 225 1961 410 2016; x_wconf 60' lang='lat' dir='ltr'>procumberent,</span> <span class='ocrx_word' id='word_1_222' title='bbox 424 1975 460 2016; x_wconf 81' lang='lat'>27.</span> <span class='ocrx_word' id='word_1_223' title='bbox 475 1976 490 2004; x_wconf 89' lang='lat' dir='ltr'>c.</span> <span class='ocrx_word' id='word_1_224' title='bbox 501 1967 524 2010; x_wconf 75' lang='grc' dir='ltr'>Π,</span> <span class='ocrx_word' id='word_1_225' title='bbox 540 1978 610 2022; x_wconf 75' lang='lat'>21·24‚</span> <span class='ocrx_word' id='word_1_226' title='bbox 623 1981 669 2009; x_wconf 81' lang='lat' dir='ltr'>con.</span> 
     </span>
     <span class='ocr_line' id='line_1_30' title="bbox 67 2021 669 2081; baseline 0.007 -16"><span class='ocrx_word' id='word_1_227' title='bbox 67 2025 105 2071; x_wconf 79' lang='lat' dir='ltr'>ser.</span> <span class='ocrx_word' id='word_1_228' title='bbox 117 2026 158 2066; x_wconf 68' lang='lat' dir='ltr'>Adi.</span> <span class='ocrx_word' id='word_1_229' title='bbox 165 2026 230 2071; x_wconf 81' lang='lat' dir='ltr'>XVII,</span> <span class='ocrx_word' id='word_1_230' title='bbox 239 2026 272 2066; x_wconf 77' lang='lat'>26.</span> <span class='ocrx_word' id='word_1_231' title='bbox 281 2021 309 2078; x_wconf 74' lang='lat' dir='ltr'>e)</span> <span class='ocrx_word' id='word_1_232' title='bbox 318 2023 361 2061; x_wconf 89' lang='lat' dir='ltr'>Hos</span> <span class='ocrx_word' id='word_1_233' title='bbox 366 2024 437 2075; x_wconf 86' lang='lat' dir='ltr'>primos</span> <span class='ocrx_word' id='word_1_234' title='bbox 445 2023 530 2064; x_wconf 85' lang='lat' dir='ltr'>homines</span> <span class='ocrx_word' id='word_1_235' title='bbox 536 2027 558 2065; x_wconf 87' lang='lat' dir='ltr'>ad</span> <span class='ocrx_word' id='word_1_236' title='bbox 566 2026 669 2081; x_wconf 86' lang='lat' dir='ltr'>imaginem</span> 
     </span>
     <span class='ocr_line' id='line_1_31' title="bbox 68 2084 669 2138; baseline 0.012 -13"><span class='ocrx_word' id='word_1_237' title='bbox 68 2086 109 2125; x_wconf 85' lang='lat' dir='ltr'>Dei</span> <span class='ocrx_word' id='word_1_238' title='bbox 116 2084 175 2125; x_wconf 68' lang='lat' dir='ltr'>fartos</span> <span class='ocrx_word' id='word_1_239' title='bbox 186 2086 245 2135; x_wconf 87' lang='lat' dir='ltr'>iisque</span> <span class='ocrx_word' id='word_1_240' title='bbox 252 2085 352 2138; x_wconf 89' lang='lat' dir='ltr'>imperium</span> <span class='ocrx_word' id='word_1_241' title='bbox 361 2084 381 2124; x_wconf 92' lang='lat' dir='ltr'>in</span> <span class='ocrx_word' id='word_1_242' title='bbox 389 2085 444 2124; x_wconf 81' lang='lat' dir='ltr'>huius</span> <span class='ocrx_word' id='word_1_243' title='bbox 454 2091 512 2124; x_wconf 79' lang='lat' dir='ltr'>tertre</span> <span class='ocrx_word' id='word_1_244' title='bbox 523 2086 578 2127; x_wconf 83' lang='lat' dir='ltr'>bruta</span> <span class='ocrx_word' id='word_1_245' title='bbox 586 2091 669 2132; x_wconf 80' lang='lat' dir='ltr'>animan·</span> 
     </span>
     <span class='ocr_line' id='line_1_32' title="bbox 68 2146 668 2203; baseline 0.01 -16"><span class='ocrx_word' id='word_1_246' title='bbox 68 2148 95 2187; x_wconf 86' lang='lat' dir='ltr'>tia</span> <span class='ocrx_word' id='word_1_247' title='bbox 102 2146 207 2186; x_wconf 86' lang='lat' dir='ltr'>concessum</span> <span class='ocrx_word' id='word_1_248' title='bbox 217 2146 253 2186; x_wconf 87' lang='lat' dir='ltr'>esse</span> <span class='ocrx_word' id='word_1_249' title='bbox 264 2147 335 2193; x_wconf 83' lang='lat' dir='ltr'>Geni,</span> <span class='ocrx_word' id='word_1_250' title='bbox 348 2159 382 2203; x_wconf 76' lang='lat'>27.</span> <span class='ocrx_word' id='word_1_251' title='bbox 391 2151 422 2195; x_wconf 69' lang='lat'>28.</span> <span class='ocrx_word' id='word_1_252' title='bbox 437 2147 458 2203; x_wconf 79' lang='lat'>3)</span> <span class='ocrx_word' id='word_1_253' title='bbox 466 2147 503 2186; x_wconf 84' lang='lat' dir='ltr'>Eos</span> <span class='ocrx_word' id='word_1_254' title='bbox 511 2149 592 2200; x_wconf 88' lang='lat' dir='ltr'>primum</span> <span class='ocrx_word' id='word_1_255' title='bbox 604 2151 622 2191; x_wconf 85' lang='lat' dir='ltr'>in</span> <span class='ocrx_word' id='word_1_256' title='bbox 634 2153 668 2193; x_wconf 85' lang='lat' dir='ltr'>sta·</span> 
     </span>
     <span class='ocr_line' id='line_1_33' title="bbox 67 2208 668 2255; baseline 0.007 -5"><span class='ocrx_word' id='word_1_257' title='bbox 67 2217 89 2250; x_wconf 84' lang='lat' dir='ltr'>tu</span> <span class='ocrx_word' id='word_1_258' title='bbox 97 2208 200 2250; x_wconf 75' lang='lat' dir='ltr'>felicissimo</span> <span class='ocrx_word' id='word_1_259' title='bbox 210 2209 263 2250; x_wconf 80' lang='lat' dir='ltr'>fuisse</span> <span class='ocrx_word' id='word_1_260' title='bbox 273 2217 292 2250; x_wconf 90' lang='lat' dir='ltr'>et</span> <span class='ocrx_word' id='word_1_261' title='bbox 302 2210 321 2249; x_wconf 90' lang='lat' dir='ltr'>in</span> <span class='ocrx_word' id='word_1_262' title='bbox 335 2209 391 2249; x_wconf 88' lang='lat' dir='ltr'>horto</span> <span class='ocrx_word' id='word_1_263' title='bbox 404 2209 530 2249; x_wconf 83' lang='lat' dir='ltr'>amoeuiffimo</span> <span class='ocrx_word' id='word_1_264' title='bbox 543 2213 631 2253; x_wconf 79' lang='lat' dir='ltr'>omnibns</span> <span class='ocrx_word' id='word_1_265' title='bbox 644 2216 668 2255; x_wconf 83' lang='lat' dir='ltr'>iis</span> 
     </span>
     <span class='ocr_line' id='line_1_34' title="bbox 69 2270 669 2334; baseline 0.008 -21"><span class='ocrx_word' id='word_1_266' title='bbox 69 2271 178 2322; x_wconf 83' lang='lat' dir='ltr'>abundasse,</span> <span class='ocrx_word' id='word_1_267' title='bbox 195 2284 242 2324; x_wconf 85' lang='lat' dir='ltr'>qnae</span> <span class='ocrx_word' id='word_1_268' title='bbox 250 2272 386 2333; x_wconf 82' lang='lat' dir='ltr'>vitameornm</span> <span class='ocrx_word' id='word_1_269' title='bbox 396 2270 469 2313; x_wconf 84' lang='lat' dir='ltr'>beatam</span> <span class='ocrx_word' id='word_1_270' title='bbox 478 2273 557 2334; x_wconf 82' lang='lat' dir='ltr'>reddere</span> <span class='ocrx_word' id='word_1_271' title='bbox 568 2276 669 2332; x_wconf 81' lang='lat' dir='ltr'>potuissent</span> 
     </span>
    </p>

    <p class='ocr_par' dir='ltr' id='par_1_8' title="bbox 377 2334 668 2383">
     <span class='ocr_line' id='line_1_35' title="bbox 377 2334 668 2383; baseline 0.017 -7"><span class='ocrx_word' id='word_1_272' title='bbox 377 2334 394 2374; x_wconf 88' lang='lat' dir='ltr'>L</span> <span class='ocrx_word' id='word_1_273' title='bbox 410 2345 422 2378; x_wconf 67' lang='grc' dir='ltr'>α</span> <span class='ocrx_word' id='word_1_274' title='bbox 621 2339 668 2383; x_wconf 71' lang='lat' dir='ltr'>Gen,</span> 
     </span>
    </p>
   </div>
   <div class='ocr_carea' id='block_1_7' title="bbox 0 0 856 2774">
    <p class='ocr_par' dir='ltr' id='par_1_9' title="bbox 0 0 856 2774">
     <span class='ocr_line' id='line_1_36' title="bbox 0 0 856 2774; baseline 0 5"><span class='ocrx_word' id='word_1_275' title='bbox 0 0 856 2774; x_wconf 95' lang='lat' dir='ltr'> </span> 
     </span>
    </p>
   </div>
  </div>
 </body>
</html>
