1702 2774
156 133 198 185 ioa
350 144 480 179 acaevr
510 145 536 181 v.
562 149 564 153 ·

165 238 306 287 meterentur,
322 234 426 294 principem
433 240 517 281 'obtinuit
525 241 655 294 iocuuteique
662 248 683 283 ut
692 242 768 298 reginae

167 305 216 347 coeli
228 301 321 356 singularis
334 302 409 344 habitus
423 304 449 343 est
461 304 529 342 honor.
569 301 598 343 Vt
609 318 633 345 eo
648 304 715 344 maiori
724 304 769 345 esstt

169 364 294 418 venerationi,
323 365 364 418 post
377 375 456 406 mortem
469 364 491 405 in
507 361 582 407 coelun
595 363 698 408 trorrrlotn
713 362 768 406 foisse

151 479 155 483 „
169 426 264 469 dicebatur
280 425 357 477 eiusque
376 422 527 469 innrrnrnlnnrrn
544 425 691 483 eorreeptiorrern
706 431 768 480 plures

168 486 279 534 tuebantur,
300 488 344 529 lieet
353 490 416 540 postea
430 490 478 529 iuter
491 486 625 528 Dominicanos
639 496 658 527 et
667 490 770 529 Francisca·

168 541 203 590 nos
212 549 235 588 de
245 562 266 589 ea
275 552 355 590 multum
367 551 387 591 su
397 552 523 602 disceptatum.
559 547 668 590 Sannorum
680 562 769 589 numeros

169 624 203 664 per
212 611 391 656 canonizationem,
400 610 464 649 seculo
472 613 545 650 decimo
556 612 578 649 ad
588 611 716 663 Apotheoseos
725 618 770 662 gerl-
827 623 828 626 ¹

170 672 233 712 tilium
247 670 371 711 imitationem
384 669 489 717 iuuenum,
520 673 638 723 summopere
656 671 682 713 est
700 671 769 712 annus.

172 734 246 776 Eorum
255 730 303 777 atta,
318 744 364 781 quae
372 727 467 789 legendae
479 731 598 782 dicebantur,
614 734 694 783 iufipidis
702 735 771 774 referta

171 800 224 834 eraut
233 792 301 833 fabulis
315 796 409 843 multaque
422 792 457 832 illis
470 791 567 838 miracula,
583 804 630 842 oriae
644 794 699 846 ¹etiam
710 795 770 834 adlnac

173 854 257 905 quotidie
276 854 315 894 fieri
332 858 390 907 uulgo
410 863 454 894 tuuc
475 855 565 894 creditum
583 854 616 901 eli,
635 855 770 898 tribuebantur.

172 917 235 957 Tanta
243 924 282 955 erat
291 916 335 955 fides
344 917 483 961 miraculorum,
499 924 521 954 rr
530 917 553 955 fic
562 914 609 955 urea
618 913 695 958 irrdiein
699 913 771 959 dianna

172 978 209 1018 siue
219 975 308 1024 earnalia,
324 979 342 1018 in
353 978 419 1028 quibus
429 992 462 1030 per
467 976 545 1016 caudens
554 978 625 1017 ferrum
632 987 664 1018 aut
673 992 706 1030 per
714 980 771 1019 alium

172 1041 250 1081 modum
256 1040 422 1081 extraordinarium
429 1039 588 1081 accusatialieuius
596 1039 702 1081 innocentia
707 1044 771 1093 explo-

172 1111 255 1150 teretur,
275 1104 329 1143 ualde
343 1100 518 1153 enlntneqnnna.
551 1100 624 1144 Vnam
636 1102 771 1156 rnoreostr'corn,

173 1164 262 1216 tauquam
274 1165 325 1205 viam
340 1167 362 1204 ad
372 1166 420 1205 coeli
434 1166 499 1217 garidia
513 1165 681 1217 compendiariam,
697 1166 771 1218 plurimi

175 1225 277 1275 iaiiabant3
300 1228 346 1267 noui
361 1228 405 1267 idco
418 1228 474 1265 variis
490 1226 536 1266 locis
548 1227 684 1266 monachorum
696 1228 771 1267 ordines

173 1301 259 1338 nouaque
268 1290 340 1339 semper
348 1288 475 1327 condebantur
483 1287 598 1328 monasteria.
630 1290 650 1327 In
657 1289 690 1327 bac
699 1298 771 1343 tempo-

173 1362 215 1389 rum
229 1349 306 1402 caligine
323 1362 368 1389 uera
379 1350 438 1388 uirtus
456 1357 475 1387 et
484 1350 540 1400 pictas
555 1349 594 1387 fere
607 1349 740 1402 ignorabantur
752 1360 771 1391 et

173 1413 307 1464 plerorumque
324 1423 389 1452 mores·
403 1420 454 1450 eraut
468 1410 601 1453 diliblutiffimi,
648 1413 694 1452 Non
710 1420 771 1453 tamen
796 1443 797 1448 ,

174 1473 317 1513 existimandum
329 1472 367 1518 est,
380 1472 448 1524 pestem
457 1472 503 1511 hauc
516 1472 569 1511 fuisse
581 1472 713 1526 uniuersalem3
727 1477 772 1515 late·

175 1534 291 1586 bautnempe
300 1534 356 1573 hicet
365 1534 402 1573 illic
412 1534 485 1582 nitidam
494 1533 574 1585 purioris
583 1534 678 1586 religionis
690 1534 772 1576 cultores

176 1602 196 1633 et
207 1609 245 1635 uon
254 1595 330 1635 deerant
339 1595 421 1635 veritatis
431 1595 491 1640 testes,
508 1595 539 1643 qui
548 1595 633 1646 publicos
641 1609 713 1636 errores
718 1611 771 1649 repu-

176 1657 249 1697 diareut
258 1664 277 1696 et
287 1656 399 1703 castigarent.
430 1657 459 1694 nd
469 1657 518 1695 bunc
527 1658 600 1695 censum
609 1667 681 1708 praeter
689 1660 735 1698 alios
742 1673 772 1699 re·

173 1718 247 1759 ferendi
257 1720 299 1759 sunt
309 1714 434 1773 Wnlrlenses,
451 1714 586 1770 Wiclefitneet
591 1716 672 1773 fh'ntres
680 1717 770 1763 Boherrtr'.

174 1779 252 1821 quenta
266 1781 314 1821 circa
326 1793 393 1820 anuum
406 1793 463 1833 1440
477 1788 515 1820 arte
526 1780 660 1833 typographica
672 1795 690 1821 et
703 1782 770 1824 litteris

175 1844 290 1883 Graecorum
301 1842 361 1882 studio
370 1843 388 1881 in
399 1843 450 1882 Italia
463 1841 541 1890 renatis,
562 1842 659 1882 meliorem
674 1844 771 1896 religionis

174 1905 302 1958 cognitionem
314 1904 364 1944 houd
373 1904 425 1955 pauci
433 1903 551 1954 acquirebant
562 1917 666 1954 eorumque
680 1905 736 1943 aniuii
748 1908 771 1948 ad

175 1966 258 2009 ccclesiae
265 1966 420 2006 reformationem
429 1978 476 2006 mox
485 1965 586 2006 insecutam
596 1974 648 2006 erant
661 1969 772 2022 praeparati,

420 2065 438 2121 a.
470 2066 522 2107 cnr.
578 2043 580 2048 ’

236 2146 264 2190 Re
275 2146 360 2190 or'tnntio
369 2143 467 2205 eoelestia,
486 2148 522 2186 fine
531 2145 593 2197 potius
601 2146 677 2187 alicuius
686 2149 770 2189 ecclenac

174 2209 244 2263 partis,
259 2222 304 2259 quae
316 2211 372 2250 etiam
384 2208 488 2261 simpliciter
498 2208 608 2248 reformatio
622 2209 660 2250 dici
669 2210 723 2256 soler,
737 2210 769 2250 diu

175 2271 213 2314 iam
222 2271 320 2313 desiderata
329 2281 347 2313 et
355 2274 407 2327 saepe
419 2271 486 2313 frustra
500 2277 581 2322 tentata,
598 2271 646 2313 circa
657 2271 769 2326 principium

719 2334 770 2373 secu-
