1702 2774
254 95 512 156 nnonn'noruuunss
544 85 546 87 .
676 114 689 168 ς

336 214 355 270 p.
387 214 429 257 vn.
488 234 491 236 -

145 291 255 355 Theolugiu
268 295 345 348 purior,
367 306 425 343 quae,
451 294 536 347 inprimis
552 295 603 346 quod
617 294 684 334 adres

78 359 180 399 'credendas
189 359 265 412 attinet,
279 364 351 413 lantum
360 368 370 393 e
379 355 433 395 sacris
442 352 508 395 litteris
518 365 605 407 tanquam
619 357 682 409 primo

79 422 133 459 fonte
146 419 240 466 hauritur,
257 414 331 460 biblica
343 416 385 458 ern.
420 416 466 457 Duo
480 424 542 457 autem
555 419 586 459 lrie
599 419 683 459 cauenda

78 483 128 529 sunt,
144 481 214 532 primo,
225 494 248 519 ne
256 488 359 531 putemus,
366 477 495 531 Theologiam
501 478 589 520 biblicam
598 495 635 521 non
649 480 683 521 nili

80 556 90 582 e
101 542 179 582 uocibus
189 549 208 581 et
218 541 346 582 locutionibus
356 539 431 580 biblicis
440 539 524 580 constare
536 541 683 591 debere3dein·

82 607 117 651 de,
133 617 156 643 ne
165 603 293 656 Tlieulugiam
301 603 393 655 impuram
402 602 456 643 reddi
468 603 588 651 arbitremur,
602 604 622 652 si,
635 619 682 656 quae

81 666 168 706 nunnus
181 667 265 720 cognitio
279 667 302 718 de
319 665 363 706 Deo
378 674 398 705 et-
413 665 469 705 rebus
483 666 586 706 moralibus
601 680 646 706 vera
664 676 684 708 et

81 729 156 781 egregia
174 729 289 781 suppeditat,
313 727 432 780 Theologiae
446 727 540 767 interdum
553 729 683 782 adiungantur.

80 790 134 831 Prius
144 789 193 829 enim
202 790 245 829 ideo
254 789 328 829 nonest
335 789 464 842 probandum,
481 788 523 839 quia
531 792 590 829 multa
601 787 685 830 vocabil-

81 855 99 891 la
113 860 132 891 et
143 865 211 904 genera
226 851 326 902 loquendi,
346 851 413 901 quibus
427 851 525 903 scriptores
539 852 684 898 uoluuntur,

81 914 148 967 purtim
159 913 268 964 impropria,
281 913 348 965 partim
358 913 407 951 haud
418 912 473 951 nobis
482 914 524 953 sunt
532 915 627 961 consueta,
637 927 685 964 quae

84 975 173 1016 nonsatis
182 975 338 1027 intelligeremus,
355 974 387 1013 nili
395 974 459 1013 verbis
472 974 553 1027 propriis
564 985 582 1015 er
591 977 624 1015 usu
635 975 685 1015 inter

84 1049 120 1076 nos
129 1036 208 1086 receptis
216 1043 387 1085 commutarentur5
404 1035 494 1086 posterius
504 1044 566 1075 aurem
574 1045 645 1076 tantum
651 1037 685 1076 ab·

84 1097 121 1143 est,
137 1105 158 1136 ur
171 1096 297 1148 Theologiam
312 1102 406 1147 peruertat
418 1102 436 1134 et
448 1104 567 1147 corrumpat,
585 1105 607 1136 vl
620 1098 685 1148 potius

85 1171 125 1197 eam
134 1157 216 1209 perficiat
225 1165 243 1196 et
252 1159 331 1195 multum
342 1153 472 1195 adurilirntem
481 1156 520 1195 eius
529 1159 632 1209 augendam
641 1172 687 1197 con-

85 1219 140 1260 ferar,
173 1219 306 1271 ATheologir
314 1218 383 1256 biblica
397 1217 525 1270 distinguenda
536 1218 562 1257 est
575 1217 686 1278 Theologz'cz

85 1278 232 1337 accirfiusticu,
240 1294 285 1330 quae
294 1280 317 1319 ad
326 1287 384 1319 certas
395 1280 486 1319 formulas
496 1281 585 1330 loquendi
595 1281 618 1321 ab
627 1285 687 1321 eccle-

86 1343 151 1382 siarum
161 1341 271 1382 antistitibus
282 1350 318 1381 tam
329 1340 387 1388 olim,
403 1355 458 1392 quum
468 1342 605 1382 recentioribus
613 1351 687 1396 rempo-

86 1404 138 1444 ribus
147 1404 276 1455 praescriptas,
293 1404 319 1443 est
329 1401 419 1443 adstrida.
451 1404 477 1442 Ea
488 1416 523 1456 pru
533 1403 644 1455 opinionum
659 1406 687 1444 di·

87 1466 182 1515 uersitate,
197 1466 263 1515 quibus
272 1466 320 1505 varii
331 1473 395 1505 coetus
405 1465 546 1514 christianorum
554 1466 603 1506 inter
611 1469 629 1506 se
640 1465 689 1508 dissi-

88 1529 144 1574 denl,
159 1528 212 1566 valde
223 1528 318 1579 discrepat,
352 1528 421 1566 Ortum
435 1537 454 1566 er
466 1528 608 1568 uieiliirudinem
621 1527 691 1570 harum

88 1582 200 1640 opinionum
210 1587 302 1643 Historia
311 1587 420 1648 theologiae
430 1589 485 1629 nouis
495 1597 537 1629 ante
551 1593 616 1630 oeulos
627 1591 688 1641 ponit,

89 1652 112 1690 de
122 1664 157 1700 qua
166 1659 238 1703 praeter
248 1664 341 1691 aunnvr
348 1665 383 1691 VM
394 1651 478 1689 nonnulli
488 1651 537 1690 bene
546 1653 588 1692 sunt
600 1652 689 1691 meririet

89 1712 119 1751 cui
128 1713 256 1753 conterendae
271 1710 381 1771 Theologia
385 1710 505 1768 prutristica,
522 1710 691 1772 Theolugiasym·

89 1770 154 1817 bullen
163 1783 181 1816 et
190 1772 274 1829 historia
284 1773 393 1833 laerrfirun
403 1775 486 1815 maxime
493 1774 603 1820 inseruiunr,

339 1855 373 1912 §.-
390 1854 445 1901 vnn

115 1963 117 1966 s
152 1937 223 1987 Siquis
233 1938 268 1977 sine
278 1936 359 1990 panium
368 1935 429 1976 studio
442 1943 461 1977 er
474 1936 522 1977 nulli
535 1935 593 1977 sellae
608 1936 692 1978 addiElus

91 2012 113 2038 ea
121 2006 193 2039 tantum
203 2000 222 2039 in
231 1999 341 2050 Theologia
351 1999 431 2051 probat,
445 2012 490 2049 quae
503 1997 594 2039 exanimi
608 2000 693 2040 examine

91 2060 175 2100 instituto
183 2075 228 2101 vera
235 2061 305 2103 iudicat
314 2056 362 2107 e'sse,
382 2058 493 2121 Theologns
503 2060 528 2099 est
536 2057 648 2109 ecleeliczn,
663 2076 695 2101 cn-

94 2122 281 2166 iusmodirnvnvs
296 2136 414 2169 suasurus,
428 2135 540 2165 onorius
551 2130 570 2163 el
579 2125 653 2174 quidam
663 2124 694 2163 alii

95 2186 181 2232 fuerunt,
196 2185 263 2234 quibus
278 2185 345 2231 etiarn,
362 2185 393 2235 qui
402 2185 461 2224 adhuc
473 2184 533 2231 uiuit,
555 2199 695 2227 cornnrrn

96 2246 123 2286 est
136 2247 297 2305 adnumerandus,
333 2243 455 2305 Theologu,
470 2246 489 2288 in
498 2259 534 2298 qua
544 2249 593 2288 nulla
600 2247 697 2300 religionis

404 2312 450 2368 Μ
498 2338 504 2350 ,Ι
655 2321 696 2361 par·
