1702 2774
57 131 94 166 ue
116 118 290 167 numerumn
313 119 615 180 rumorissrmnetc.
631 108 658 155 61

59 241 127 281 porum
136 223 263 265 conditionem
272 223 334 261 secum
345 221 404 263 tulisse
414 229 432 261 et
440 219 520 274 exegisse
526 218 617 259 maiorem
625 232 658 262 ue·

59 290 118 330 ritatis
126 290 194 326 lucem.
224 283 285 326 Probe
295 291 356 323 tamen
365 283 463 331 tenendum
473 283 509 334 est,
525 282 585 322 cuiuis
596 282 658 321 homi·

61 363 107 390 num
117 347 171 387 aetati
179 348 292 387 reuelatione
301 344 363 396 diuina
373 344 398 383 itu
408 343 442 381 esse
452 347 568 391 consultum,
584 353 612 396 nt,
626 343 659 393 qui

61 425 84 451 ea
93 410 143 452 resse
154 418 245 455 uteretur,
258 407 300 448 sutis
307 406 384 446 haberet
393 406 493 445 adiumenti
500 408 521 445 ad
531 408 578 446 bene
589 416 607 446 et
617 407 661 445 bea-

61 482 82 513 te
93 474 195 513 uiuendum
206 479 225 511 et
233 470 324 510 maiorem
332 467 392 507 adhue
404 466 445 519 post
457 474 536 507 mortem
551 470 662 510 felicitatem
688 489 689 493 =

63 536 176 589 sperandam.

294 611 313 670 p,
342 610 437 655 irruit

124 708 155 734 nu
162 706 237 734 nurum
245 693 333 734 nouimus
342 707 365 732 ex
373 688 488 732 commercio
498 705 540 734 eum
550 694 597 734 Deo
606 697 664 737 multa

67 756 148 797 didicisse
157 756 189 796 fibi
198 757 287 799 lerneam,
316 757 360 794 Erat
375 763 469 805 praeterea
481 755 504 794 iis
518 764 593 795 ornatus
606 758 663 797 animi

67 818 154 865 dotibus,
168 826 189 857 vt
199 831 222 858 ex
232 816 296 856 mundi
306 815 463 868 contemplatione
476 817 495 856 in
504 818 599 870 religionis
608 820 665 858 scien·
684 824 687 832 '

10 869 12 875 ,
51 873 93 922 ntia
102 880 161 934 magis
170 879 264 934 magisque
273 880 362 931 prolicere
371 887 389 918 et
398 880 416 917 se
425 880 447 918 :ui
457 883 563 931 exemplum
574 881 619 928 eins,
636 894 668 920 en-

69 944 98 983 ins
107 942 199 996 gaudebat
210 941 301 994 imagine,
315 941 334 981 in
343 941 430 980 omnibns
444 954 558 993 componere
572 943 667 995 potuisset.

69 1002 124 1046 Hanc
133 1004 158 1044 ob
168 1006 237 1044 causum
249 1016 273 1043 ex
283 1005 413 1055 plerorumque
423 1003 511 1055 opinione
520 1006 558 1043 sola
567 1013 667 1045 contentus

69 1067 132 1108 suisset
141 1067 231 1119 religione
244 1065 332 1116 naturali,
347 1065 359 1103 sr
372 1064 437 1116 primis
449 1064 487 1104 Dei
501 1066 577 1105 monitis
591 1066 668 1119 gessisset

70 1142 143 1170 morem
157 1136 175 1167 et
188 1128 221 1166 srbi
234 1140 243 1166 a
255 1133 331 1179 peccato
345 1124 425 1165 eruisset⁴
458 1125 557 1176 Postquam
574 1141 620 1170 vero
637 1126 669 1169 sua

71 1192 125 1243 culpa
133 1190 151 1228 in
160 1188 246 1241 magnum
256 1187 322 1227 cecidit
334 1187 438 1235 miseriam,
454 1194 475 1226 vt
484 1201 506 1228 ex
516 1187 546 1228 illa
559 1189 669 1241 eriperetur,

72 1251 157 1306 singulari
166 1251 245 1305 indiguit
254 1249 324 1290 auxilio
333 1250 408 1298 diuino,
423 1250 473 1299 quod
483 1250 539 1290 etiam
548 1251 580 1303 ipsi
589 1265 629 1292 non
639 1253 671 1291 ue-

72 1312 116 1357 fuit.
151 1315 201 1352 Nam
214 1313 263 1352 inter
275 1325 345 1364 poenas
358 1311 390 1363 ipsi
404 1311 518 1351 denuntiatus
534 1314 616 1353 animum
631 1315 672 1354 eius

72 1375 161 1417 affiittmn
180 1370 308 1427 benignissima
324 1372 441 1427 promissione
457 1375 505 1415 Gen.
521 1374 559 1422 ΙΙΙ,
575 1388 595 1429 15
612 1377 672 1417 erexit

72 1441 166 1480 summum
180 1438 263 1479 Numen.
299 1435 366 1486 Neque
377 1435 403 1475 est
414 1435 548 1482 dubitandum,
568 1438 612 1487 quin
626 1439 671 1479 seria

75 1500 188 1554 poenitentia
198 1497 268 1551 peccati
277 1498 305 1537 sui
314 1497 441 1550 impetrauerit
449 1498 522 1538 veniam
532 1505 551 1538 et
560 1499 626 1539 deiude
637 1514 672 1553 pro

74 1563 145 1604 viribus
154 1562 172 1600 in
183 1562 235 1601 ornni
244 1561 314 1600 virtute
324 1568 342 1598 et
352 1560 420 1612 pietate
430 1562 447 1599 se
460 1561 574 1612 exercuerit,
589 1561 608 1600 ii
621 1565 673 1614 qtrorl

75 1624 133 1666 etiam
142 1624 164 1663 de
173 1635 233 1662 uxore
242 1622 281 1661 eius
291 1621 317 1660 esi
326 1622 432 1664 dicendum.
464 1622 511 1662 Sune
522 1623 541 1663 in
553 1625 623 1665 familia
634 1626 673 1666 eius

74 1700 120 1728 vera
127 1685 188 1739 viguit
195 1684 273 1737 religio,
287 1684 345 1734 quud,
360 1684 392 1724 nili
400 1686 488 1737 exemplo
497 1685 561 1725 liberis
570 1686 607 1727 suis
615 1688 674 1740 praei-

74 1748 140 1796 uisset,
155 1747 244 1787 nonesset
255 1744 330 1786 fastum.

105 1839 167 1882 Prima
174 1835 269 1892 promisso
276 1839 350 1877 Adamo
361 1836 408 1877 faeie
420 1839 528 1889 plerumque
538 1848 675 1900 pr'otrzrruge.

139 1899 189 1944 lirun
199 1901 263 1940 uocari
271 1902 329 1948 solet,
348 1900 437 1951 quoniam
450 1901 473 1940 ud
486 1900 570 1941 Messium
583 1904 675 1956 respicere

138 1962 256 2005 existimatur.

298 2053 314 2113 p.
345 2053 453 2098 eruunt

137 2135 186 2176 Ante
195 2136 286 2177 diluuium
294 2137 393 2189 praecipue
401 2136 469 2176 Adumi
478 2149 488 2175 e
497 2136 556 2177 Setho
568 2137 636 2191 posteri
645 2153 677 2180 ve-
723 2170 726 2173 -

79 2212 111 2241 rae
123 2196 275 2239 intremuerunt
288 2198 385 2252 religioni,
403 2199 451 2238 inter
466 2211 513 2248 quos
525 2213 569 2251 pree
585 2202 625 2240 eliis
637 2206 676 2241 luu-

80 2264 280 2312 dantureuo'enirs,
297 2261 329 2312 qui
344 2262 370 2303 ob
383 2263 505 2301 excellentem
519 2262 608 2303 uirtutem
622 2264 676 2304 vinus

657 2339 677 2366 ΙΙΙ
