1702 2774
182 121 226 159 nr
249 115 435 157 nnrrerorrr
457 114 648 155 nirvnnnr.
691 118 720 166 ²3

109 233 139 262 res
147 217 202 259 huius
211 212 277 262 mnndi
284 209 414 253 dfsttnrtiffime
424 215 466 253 snnt
481 213 568 267 cognitae
579 210 594 253 i.
602 224 618 254 e.
631 214 717 263 praesen·

109 291 138 320 tes
148 287 199 317 etex
208 276 280 313 summa
289 274 329 314 eins
336 273 427 325 potentia,
443 275 485 323 qnia
492 276 555 316 vbinis
563 273 604 314 vim
612 274 663 314 suain
671 282 715 327 pots

109 339 136 379 est
145 338 241 382 exserere,
257 335 294 375 fine
302 347 339 385 qua
348 332 437 373 omnibus
445 333 501 373 rebus
509 336 536 376 est
548 337 641 390 praesens,

345 420 363 480 t.
393 425 482 471 xnxnr.

169 498 345 551 Vnicus'tantnnz
358 501 384 560 est
398 500 464 547 Dent.
498 501 583 545 Mundus
600 505 661 557 enirn,
680 505 714 558 qni

109 579 172 614 totum
187 569 282 622 quoddam
294 567 382 622 eptisfirne
394 567 474 609 intense
491 567 592 608 cohaerens
609 570 712 620 constitnit,

109 630 149 676 non
158 633 191 673 nist
204 645 264 673 vnum
275 631 354 684 requirit
363 633 461 673 Antorenr.
497 632 573 672 Summa
588 632 654 681 etiarn,
675 647 712 682 ona

109 697 254 748 Denegandm
268 694 370 747 perfectio,
386 708 427 735 earn
438 695 487 734 inter
501 697 564 747 plures
576 695 653 736 dinitirn
667 696 711 744 effe,

109 772 149 799 non
162 758 238 811 patitur,
273 758 310 796 Fac
320 756 382 804 eninr,
399 758 460 809 plnres
477 755 512 796 esse
525 757 591 802 Deos,
611 764 644 797 ant
657 766 713 799 erunt

109 819 165 874 plane
174 819 252 870 similes,
268 826 300 857 aut
309 832 332 858 ex
340 826 392 870 parte
400 818 497 860 dissnniles.
524 820 593 868 Neqne
605 819 656 870 prins
667 833 714 858 con-

110 883 152 922 cedi
160 881 230 935 potest,
247 880 289 931 qnia
299 878 360 931 nutias*
366 894 397 920 res
407 883 460 933 piane
471 880 537 921 similes
548 888 613 920 natura
621 881 665 929 fert,
680 894 713 919 ne-

111 957 147 994 qne
157 942 255 995 posterius,
264 941 307 991 qnia
315 950 360 981 tnnc
369 943 455 981 Deorum
465 944 512 981 alter
520 948 591 982 careret
600 941 656 980 bonis
665 950 714 981 non-¹

109 1005 178 1049 nonin,
195 1003 262 1053 qnibns
271 1005 317 1041 atter
325 1004 418 1054 praeditus
427 1002 483 1051 esset,
498 1010 517 1042 et
526 1003 570 1042 hinc
579 1015 617 1041 non
626 999 679 1043 foret
687 1016 713 1045 ex

111 1064 164 1103 onrni
173 1070 224 1114 parte
234 1061 338 1113 pertenue,
354 1062 373 1100 id
382 1064 433 1111 qnod
441 1063 503 1113 ipsum
512 1075 551 1102 non
564 1062 600 1101 esse
608 1064 673 1103 Dennr
684 1065 712 1102 sa·

112 1126 136 1165 tis
144 1124 255 1164 ostenderet.
309 1152 310 1155 η
424 1122 426 1126 ’

141 1201 326 1261 Manichaessnns,
347 1218 385 1255 qno
399 1203 438 1245 dno
450 1211 546 1257 ponuntur
559 1204 595 1245 esse
606 1204 658 1254 Diis
667 1207 714 1247 aiter

175 1271 247 1318 bonne,
261 1272 307 1308 alter
316 1270 386 1315 malus,
399 1267 443 1308 inde
454 1277 505 1308 ortns
515 1268 550 1307 esse
560 1268 647 1321 videtur,
662 1270 715 1320 qnod

175 1330 232 1378 mata,
248 1344 294 1381 qnae
302 1331 373 1370 nrnndo
382 1330 451 1377 insnnt,
460 1343 503 1370 cnm
515 1330 599 1371 bonitate
612 1331 650 1371 Dei
664 1345 715 1371 non.

176 1394 222 1434 nuiii
231 1393 279 1432 hand
287 1401 389 1444 potnerunt
396 1392 494 1432 conciliare
502 1400 520 1431 et
528 1393 572 1432 ideo
577 1393 661 1433 arbitrati
666 1395 715 1447 sunt,

176 1463 248 1507 praeter
259 1455 322 1495 Dennr
332 1455 404 1492 bonum
416 1453 452 1492 esse
461 1455 527 1502 aliurn,
541 1455 603 1493 omnis
615 1456 659 1494 mali
670 1457 715 1493 An.

175 1523 249 1561 torem,
271 1529 281 1554 a
294 1515 352 1566 priori
364 1523 401 1554 tarn
413 1515 517 1563 dinersnrn,
538 1528 592 1564 quern
606 1517 691 1555 tenebras
704 1530 716 1556 a

176 1578 225 1617 lnce.
254 1588 317 1615 nnrr
325 1590 361 1621 10,
377 1576 396 1613 in
405 1573 483 1617 Lexico
492 1577 526 1613 sno
535 1576 610 1615 dinerns
619 1576 666 1614 locis
673 1577 718 1616 Ma-

176 1638 299 1676 nichaeorum
308 1635 369 1674 dubiis
378 1636 457 1673 nimium
466 1636 539 1686 pondus
549 1636 651 1682 tribuenti,
664 1648 718 1688 prae-

178 1700 226 1738 ctare
237 1698 333 1750 respondit
346 1709 499 1752 nrrnnrrrvs
512 1696 533 1736 in
546 1693 657 1740 Theodicert
669 1696 719 1752 eittsff

158 1817 161 1821 .
179 1776 214 1815 que
224 1761 301 1817 argutiis
310 1775 354 1804 vere
365 1760 452 1815 opposuit
463 1759 539 1810 iudicia,

344 1853 362 1912 c.
393 1854 495 1899 xxxvii,

179 1935 276 1985 Mundus,
290 1935 322 1987 qni
332 1935 358 1976 est
368 1947 415 1989 opus
428 1934 467 1976 Dei
480 1931 509 1995 (§.
519 1934 610 1988 xxix),
627 1936 721 1990 originem

118 2000 170 2038 snam
179 2012 218 2038 non
229 1998 287 2039 habet
297 2012 330 2051 per
345 1997 491 2041 emanationem
506 1999 597 2047 quandam
608 2012 633 2039 ex
647 1999 721 2041 essentie

119 2060 189 2106 diuina,
205 2073 251 2110 quae
260 2060 285 2100 est
293 2058 421 2113 sinpliciffima
429 2057 460 2115 (ᾗ.
472 2059 584 2117 XXXIV.),
600 2075 624 2101 ex
635 2064 721 2118 qnavnui·

120 2123 139 2160 la
148 2133 189 2172 pars
199 2122 273 2174 decerpi
285 2122 369 2172 nihilque
384 2120 467 2162 concreti
479 2121 559 2161 deriuari
571 2122 642 2174 potest,
662 2135 723 2171 neque

123 2194 147 2219 ex
161 2187 236 2219 naturae
250 2182 324 2222 diuinae
332 2180 416 2240 phyficn
429 2194 486 2230 eaque
499 2181 610 2239 necessario
622 2182 654 2229 ni,
680 2182 723 2231 qnia

122 2250 168 2282 tunc
177 2241 257 2282 nundus
266 2245 321 2297 plane
336 2244 387 2285 foret
399 2241 508 2286 necessarius
522 2252 541 2286 et
552 2256 591 2288 non
602 2244 725 2296 contingens;

395 2300 398 2303 ’
426 2305 474 2360 34
682 2302 726 2358 reli7
