1702 2774
152 135 224 197 -246
254 156 257 162 =
379 151 493 190 curvi*
518 148 587 189 riri.

179 248 275 297 uersatur,
292 248 347 288 nullis
357 247 447 289 violentis
460 250 483 289 ad
497 250 524 289 sui
538 250 699 291 conseruationem
714 249 786 305 indiget
820 272 823 276 ’

179 311 275 355 remediis.
309 312 383 351 Veritas
393 325 431 353 nou
446 313 513 360 armis,
528 315 560 353 sed
575 312 693 360 rationibus,
715 313 741 353 est
756 316 790 354 dc-'

179 374 274 414 fendenda
283 381 350 415 ernon
359 374 391 416 nili
401 384 467 416 contra
480 375 557 416 iniustos
572 378 700 427 persecutores
715 376 734 415 in
748 377 789 427 qui·

180 437 260 478 busdam
269 435 338 476 casibus
347 437 389 477 vim
399 438 419 478 ui
431 440 521 491 repellere
535 438 585 481 licet.
621 438 713 484 Eirmos,
732 439 789 478 etiam

179 499 289 551 grauiores,
306 500 412 547 refutandi,
429 514 468 541 non
483 514 529 540 vero
543 499 609 553 poenis
623 501 790 555 lunt-enereendi.

179 560 212 602 Ad
222 561 314 603 virtutem
323 570 342 602 et
349 562 434 602 veritatis
441 560 575 614 prolefllonem
584 575 641 601 neruo
652 561 678 600 cst
686 563 789 614 cogendus.

180 622 300 666 Particularis
317 623 408 672 quaedam
421 621 496 662 eccleua
510 627 582 662 nullum
595 624 624 662 ius
637 623 694 662 habet
712 620 792 663 alteram

181 683 209 723 ob
221 684 333 737 opinionum
343 683 468 723 diuerfitatem
478 685 561 724 vexandi
571 693 604 723 -aut
615 684 746 736 opprimendi3
760 685 792 724 sed

132 740 134 744 ’
182 758 224 786 eam
233 745 296 798 potius
304 752 381 799 oportet
390 747 503 785 tolerantem
514 746 550 786 esse
561 754 580 785 er
596 746 637 797 paci
649 745 723 784 studere
736 755 794 797 atque

182 820 251 852 omnes
260 808 343 849 rixarum
352 810 413 848 causas
426 809 494 853 vitare,
529 809 599 848 Laetus
615 807 651 846 erit
664 806 793 859 cuiuscunque

182 870 269 910 eccleliae
284 869 350 919 status,
372 870 384 910 sr
399 869 508 911 muneribus
521 869 645 910 ecclefiasticis
661 864 792 922 praeficiantur

182 932 233 979 viri,
247 932 306 972 solida
317 932 401 972 clo'clrina
410 940 429 971 et
442 932 511 972 srncera
521 933 590 985 pietate
599 932 690 984 praediti,
705 933 793 972 sreduca-

183 993 233 1034 tioni
241 994 344 1035 iuuentutis
352 993 402 1033 reete
414 990 548 1047 prospiciatur,
565 995 578 1037 st
592 994 647 1034 multi
662 993 681 1033 in
694 994 793 1047 religionis

183 1056 283 1109 proficiant
294 1057 403 1109 cognitione
413 1065 431 1096 et
445 1057 462 1096 ei
471 1057 607 1097 conuenienter
619 1056 697 1102 uiuant,
717 1056 739 1103 sr,
760 1057 793 1108 qui

183 1119 272 1171 supremo
282 1119 367 1158 ecclesiae
375 1118 462 1171 regimini
472 1120 569 1170 praesunt,
584 1119 603 1160 id
614 1117 666 1157 omni
676 1126 730 1170 agant
741 1131 792 1167 cura,

181 1188 207 1221 'vt
220 1179 306 1220 doilores
320 1181 417 1235 religionis
431 1182 485 1220 suum
499 1181 569 1221 faciant
581 1181 677 1227 officium,
698 1193 732 1222 nec
744 1181 793 1237 iusto

164 1273 166 1275 -
183 1243 277 1284 maiorem
286 1243 320 1283 fibi
328 1251 417 1295 arrogent
425 1242 554 1283 auilorit'atem
564 1252 583 1283 et
592 1244 604 1282 ss
614 1245 663 1282 nulla
673 1243 749 1283 aduersa
763 1244 793 1284 uis

184 1305 282 1358 religionis
299 1305 411 1345 exercitium
429 1305 499 1349 turber,
538 1307 568 1344 Ex
584 1305 615 1345 hir
631 1304 709 1345 iudicari
725 1305 792 1357 potest,

185 1380 242 1417 quarn
251 1379 317 1420 parum
326 1367 422 1419 probanda
433 1368 453 1407 fit
465 1367 526 1421 rigida
539 1367 570 1407 illa
585 1363 691 1423 disciplina
706 1364 806 1426 molesta-¹

179 1428 245 1489 stica,
263 1442 309 1480 quae
319 1431 341 1470 ad
350 1430 493 1470 Pharisaeorum
504 1432 611 1482 exemplum
627 1430 668 1471 Ioh.
682 1429 716 1478 III,
735 1443 761 1471 ne
775 1438 795 1469 et

184 1492 209 1532 ad
219 1491 342 1532 hierarchiam
352 1491 480 1530 stabiliendam
490 1491 535 1531 olim
546 1492 583 1530 fuit
593 1491 675 1531 adhibila
685 1500 760 1540 ernuae
773 1493 794 1530 iu

185 1551 262 1593 ecclesie
271 1556 356 1593 Romana
367 1554 442 1593 tandem
451 1553 470 1591 in
480 1553 584 1592 terribilem
599 1553 720 1605 degenerauit
733 1547 795 1604 inqui·

185 1616 271 1656 sirionem
284 1614 313 1671 (ᾗ.
324 1616 409 1668 curu).
444 1615 508 1655 Huius
523 1615 628 1667 disciplinae
642 1615 697 1655 etiarn
711 1616 753 1667 post
766 1618 795 1656 re'ss

185 1677 320 1719 formationem
330 1678 420 1728 quaedam
430 1679 558 1717 remanserunt
567 1677 655 1727 reliquiae
665 1686 684 1716 et
697 1678 758 1718 adhuc
767 1679 795 1718 in-

185 1749 215 1781 rer
224 1739 350 1780 Protestantes
360 1739 408 1780 haud
419 1740 473 1791 pauci
482 1741 535 1787 sunt,
552 1740 584 1790 qui
597 1739 657 1779 nimio
665 1742 708 1780 zelo
718 1739 737 1779 in
752 1742 795 1781 Irae·

185 1802 256 1843 reticos
266 1810 285 1842 et
293 1803 339 1842 alios
348 1810 430 1842 errantes
439 1802 537 1855 indulgent
546 1808 601 1852 'atque
610 1801 676 1854 poenis
689 1803 794 1842 ecclesiasti·

154 1872 156 1874 ’
186 1865 225 1913 cis,
243 1863 310 1915 quibus
324 1863 351 1905 illi
365 1871 385 1907 et
399 1864 481 1917 grauiter
497 1874 594 1916 peccantes
607 1864 722 1911 afficiantur,
739 1866 794 1905 ualde

186 1927 259 1970 fauent.
295 1926 399 1981 Singularis
410 1935 449 1965 erat
461 1925 553 1978 potestas,
572 1939 628 1977 quam
642 1925 729 1966 Christus
742 1929 796 1980 Apo-

186 1990 238 2030 stolis
248 1989 334 2029 concelht
345 1988 415 2030 Maur,
425 1988 479 2038 XVI,
487 2000 519 2043 ις).
535 2003 550 2030 c.
558 1989 631 2036 XVIII,
644 1994 670 2037 18.
681 1989 731 2040 vnde
741 1992 795 2031 usum

188 2052 269 2092 clauiuru
278 2055 327 2092 male
335 2051 420 2108 nonnulli
430 2051 526 2102 deriuant;
542 2064 603 2102 neque
617 2064 663 2102 quae
672 2051 757 2092 Christus
770 2054 794 2093 de
828 2094 830 2097 ,

187 2114 307 2167 segregandis
331 2115 354 2155 ab
375 2115 449 2154 ecclcsra
466 2114 594 2167 immorigeris
614 2114 705 2167 praecipit
723 2115 794 2160 Mattlr.

188 2176 262 2223 XVIII,
270 2189 298 2231 ις·
307 2189 340 2230 ¹73
356 2189 416 2227 neque
427 2189 473 2227 quae
482 2176 505 2215 de
514 2176 587 2229 poenis,
601 2189 645 2227 quas
654 2175 741 2229 Apostoli
753 2178 794 2228 qui.

187 2239 268 2280 busdam
277 2237 303 2279 oh
314 2242 360 2281 male
369 2238 417 2280 laria
425 2238 533 2280 inflixerunt
541 2237 583 2292 Au,
593 2239 621 2286 V,
640 2252 695 2281 1-10.
711 2254 728 2282 c.
740 2240 794 2287 XIII,

187 2305 243 2349 en.
263 2316 272 2343 1
283 2303 330 2348 Cor.
341 2303 368 2352 V,
383 2317 428 2361 ¹·5·
446 2301 514 2347 1Tirn.
526 2304 542 2355 I,
556 2316 588 2348 20.
599 2301 686 2360 legimus,
702 2302 742 2343 usui
753 2304 804 2343 sunt

748 2365 794 2414 illis,
