<?xml version="1.0" encoding="UTF-8"?>
<!DOCTYPE html PUBLIC "-//W3C//DTD XHTML 1.0 Transitional//EN"
    "http://www.w3.org/TR/xhtml1/DTD/xhtml1-transitional.dtd">
<html xmlns="http://www.w3.org/1999/xhtml" xml:lang="en" lang="en">
 <head>
  <title>
</title>
<meta http-equiv="Content-Type" content="text/html;charset=utf-8" />
  <meta name='ocr-system' content='tesseract 3.04.00' />
  <meta name='ocr-capabilities' content='ocr_page ocr_carea ocr_par ocr_line ocrx_word'/>
</head>
<body>
  <div class='ocr_page' id='page_1' title='image "MN40378ucmf_1_0218.png"; bbox 0 0 1702 2774; ppageno 0'>
   <div class='ocr_carea' id='block_1_1' title="bbox 222 204 617 263">
    <p class='ocr_par' dir='ltr' id='par_1_1' title="bbox 222 204 617 263">
     <span class='ocr_line' id='line_1_1' title="bbox 222 204 617 263; baseline -0.003 -17"><span class='ocrx_word' id='word_1_1' title='bbox 222 204 269 263; x_wconf 72' lang='lat'>,176</span> <span class='ocrx_word' id='word_1_2' title='bbox 436 209 549 244; x_wconf 73' lang='lat' dir='ltr'>cnnvn</span> <span class='ocrx_word' id='word_1_3' title='bbox 576 211 617 247; x_wconf 81' lang='lat' dir='ltr'>rx.</span> 
     </span>
    </p>
   </div>
   <div class='ocr_carea' id='block_1_2' title="bbox 219 305 828 844">
    <p class='ocr_par' dir='ltr' id='par_1_2' title="bbox 219 305 828 844">
     <span class='ocr_line' id='line_1_2' title="bbox 228 305 826 366; baseline -0.003 -15"><span class='ocrx_word' id='word_1_4' title='bbox 228 306 324 366; x_wconf 75' lang='lat' dir='ltr'>praeclaris</span> <span class='ocrx_word' id='word_1_5' title='bbox 338 305 395 348; x_wconf 79' lang='lat' dir='ltr'>animi</span> <span class='ocrx_word' id='word_1_6' title='bbox 411 305 476 353; x_wconf 80' lang='lat' dir='ltr'>bonis,</span> <span class='ocrx_word' id='word_1_7' title='bbox 486 347 489 351; x_wconf 67' lang='grc'><strong>,</strong></span> <span class='ocrx_word' id='word_1_8' title='bbox 498 313 565 346; x_wconf 66' lang='lat' dir='ltr'>natura</span> <span class='ocrx_word' id='word_1_9' title='bbox 577 306 610 347; x_wconf 85' lang='lat' dir='ltr'>fibi</span> <span class='ocrx_word' id='word_1_10' title='bbox 625 306 722 358; x_wconf 74' lang='lat' dir='ltr'>concedis,</span> <span class='ocrx_word' id='word_1_11' title='bbox 746 309 826 363; x_wconf 82' lang='lat' dir='ltr'>gaudere</span> 
     </span>
     <span class='ocr_line' id='line_1_3' title="bbox 227 367 826 429; baseline -0.002 -19"><span class='ocrx_word' id='word_1_12' title='bbox 227 373 260 429; x_wconf 77' lang='lat'>(§</span> <span class='ocrx_word' id='word_1_13' title='bbox 272 369 354 423; x_wconf 70' lang='lat' dir='ltr'>CLX),</span> <span class='ocrx_word' id='word_1_14' title='bbox 370 368 458 420; x_wconf 82' lang='lat' dir='ltr'>quibusfi</span> <span class='ocrx_word' id='word_1_15' title='bbox 471 367 520 408; x_wconf 70' lang='lat' dir='ltr'>reste</span> <span class='ocrx_word' id='word_1_16' title='bbox 533 377 607 415; x_wconf 75' lang='lat' dir='ltr'>vtetur,</span> <span class='ocrx_word' id='word_1_17' title='bbox 627 372 700 421; x_wconf 72' lang='lat' dir='ltr'>sperare</span> <span class='ocrx_word' id='word_1_18' title='bbox 712 384 755 411; x_wconf 90' lang='lat' dir='ltr'>enm</span> <span class='ocrx_word' id='word_1_19' title='bbox 769 371 826 422; x_wconf 85' lang='lat' dir='ltr'>posse,</span> 
     </span>
     <span class='ocr_line' id='line_1_4' title="bbox 227 430 827 474; baseline -0.003 0"><span class='ocrx_word' id='word_1_20' title='bbox 227 434 269 474; x_wconf 82' lang='lat' dir='ltr'>fore</span> <span class='ocrx_word' id='word_1_21' title='bbox 283 440 304 471; x_wconf 89' lang='lat' dir='ltr'>vt</span> <span class='ocrx_word' id='word_1_22' title='bbox 317 432 370 472; x_wconf 87' lang='lat' dir='ltr'>Deus</span> <span class='ocrx_word' id='word_1_23' title='bbox 382 431 444 472; x_wconf 83' lang='lat' dir='ltr'>adhue</span> <span class='ocrx_word' id='word_1_24' title='bbox 457 430 527 469; x_wconf 81' lang='lat' dir='ltr'>maiora</span> <span class='ocrx_word' id='word_1_25' title='bbox 539 430 559 469; x_wconf 91' lang='lat' dir='ltr'>in</span> <span class='ocrx_word' id='word_1_26' title='bbox 574 432 592 468; x_wconf 92' lang='lat' dir='ltr'>se</span> <span class='ocrx_word' id='word_1_27' title='bbox 607 432 692 471; x_wconf 76' lang='lat' dir='ltr'>conseret</span> <span class='ocrx_word' id='word_1_28' title='bbox 706 434 795 472; x_wconf 75' lang='lat' dir='ltr'>beneficia</span> <span class='ocrx_word' id='word_1_29' title='bbox 807 441 827 472; x_wconf 85' lang='lat' dir='ltr'>et</span> 
     </span>
     <span class='ocr_line' id='line_1_5' title="bbox 228 493 827 548; baseline 0 -14"><span class='ocrx_word' id='word_1_30' title='bbox 228 494 286 548; x_wconf 80' lang='lat' dir='ltr'>gratia</span> <span class='ocrx_word' id='word_1_31' title='bbox 300 495 331 533; x_wconf 83' lang='lat' dir='ltr'>sua</span> <span class='ocrx_word' id='word_1_32' title='bbox 343 494 366 533; x_wconf 79' lang='lat' dir='ltr'>ad</span> <span class='ocrx_word' id='word_1_33' title='bbox 380 495 457 533; x_wconf 77' lang='lat' dir='ltr'>satutem</span> <span class='ocrx_word' id='word_1_34' title='bbox 469 494 520 532; x_wconf 81' lang='lat' dir='ltr'>suam</span> <span class='ocrx_word' id='word_1_35' title='bbox 531 493 667 544; x_wconf 77' lang='lat' dir='ltr'>procurandam</span> <span class='ocrx_word' id='word_1_36' title='bbox 680 493 713 533; x_wconf 75' lang='lat' dir='ltr'>sibi</span> <span class='ocrx_word' id='word_1_37' title='bbox 728 497 827 538; x_wconf 82' lang='lat' dir='ltr'>succurrat.</span> 
     </span>
     <span class='ocr_line' id='line_1_6' title="bbox 228 554 828 608; baseline 0.002 -13"><span class='ocrx_word' id='word_1_38' title='bbox 228 555 307 608; x_wconf 80' lang='lat' dir='ltr'>Optime</span> <span class='ocrx_word' id='word_1_39' title='bbox 316 556 401 595; x_wconf 88' lang='lat' dir='ltr'>omnium</span> <span class='ocrx_word' id='word_1_40' title='bbox 413 555 451 608; x_wconf 79' lang='lat' dir='ltr'>agit</span> <span class='ocrx_word' id='word_1_41' title='bbox 458 554 531 608; x_wconf 79' lang='lat' dir='ltr'>houm,</span> <span class='ocrx_word' id='word_1_42' title='bbox 542 554 623 601; x_wconf 78' lang='lat' dir='ltr'>finires,</span> <span class='ocrx_word' id='word_1_43' title='bbox 639 567 683 604; x_wconf 86' lang='lat' dir='ltr'>quas</span> <span class='ocrx_word' id='word_1_44' title='bbox 692 555 759 605; x_wconf 79' lang='lat' dir='ltr'>habet,</span> <span class='ocrx_word' id='word_1_45' title='bbox 776 564 828 596; x_wconf 75' lang='lat' dir='ltr'>natu·</span> 
     </span>
     <span class='ocr_line' id='line_1_7' title="bbox 229 615 828 669; baseline -0.003 -11"><span class='ocrx_word' id='word_1_46' title='bbox 229 621 277 658; x_wconf 75' lang='lat' dir='ltr'>tales</span> <span class='ocrx_word' id='word_1_47' title='bbox 286 615 383 669; x_wconf 80' lang='lat' dir='ltr'>diligenter</span> <span class='ocrx_word' id='word_1_48' title='bbox 392 622 466 655; x_wconf 84' lang='lat' dir='ltr'>exercet</span> <span class='ocrx_word' id='word_1_49' title='bbox 474 624 529 665; x_wconf 83' lang='lat' dir='ltr'>atque</span> <span class='ocrx_word' id='word_1_50' title='bbox 538 616 589 656; x_wconf 86' lang='lat' dir='ltr'>omni</span> <span class='ocrx_word' id='word_1_51' title='bbox 598 615 669 657; x_wconf 77' lang='lat' dir='ltr'>ratione</span> <span class='ocrx_word' id='word_1_52' title='bbox 678 615 711 655; x_wconf 90' lang='lat' dir='ltr'>fibi</span> <span class='ocrx_word' id='word_1_53' title='bbox 720 618 788 657; x_wconf 81' lang='lat' dir='ltr'>amalo</span> <span class='ocrx_word' id='word_1_54' title='bbox 798 629 828 656; x_wconf 84' lang='lat' dir='ltr'>ca·</span> 
     </span>
     <span class='ocr_line' id='line_1_8' title="bbox 229 674 828 733; baseline -0.005 -14"><span class='ocrx_word' id='word_1_55' title='bbox 229 692 274 719; x_wconf 90' lang='lat' dir='ltr'>nere</span> <span class='ocrx_word' id='word_1_56' title='bbox 285 687 304 717; x_wconf 85' lang='lat' dir='ltr'>et</span> <span class='ocrx_word' id='word_1_57' title='bbox 314 678 337 716; x_wconf 82' lang='lat' dir='ltr'>ad</span> <span class='ocrx_word' id='word_1_58' title='bbox 347 676 427 726; x_wconf 86' lang='lat' dir='ltr'>quodnis</span> <span class='ocrx_word' id='word_1_59' title='bbox 438 674 510 733; x_wconf 82' lang='lat' dir='ltr'>bonum</span> <span class='ocrx_word' id='word_1_60' title='bbox 519 678 537 714; x_wconf 87' lang='lat' dir='ltr'>se</span> <span class='ocrx_word' id='word_1_61' title='bbox 547 685 611 730; x_wconf 82' lang='lat' dir='ltr'>aptum</span> <span class='ocrx_word' id='word_1_62' title='bbox 619 676 678 717; x_wconf 86' lang='lat' dir='ltr'>studet</span> <span class='ocrx_word' id='word_1_63' title='bbox 686 678 775 730; x_wconf 78' lang='lat' dir='ltr'>reddere3</span> <span class='ocrx_word' id='word_1_64' title='bbox 790 677 828 717; x_wconf 84' lang='lat' dir='ltr'>hoc</span> 
     </span>
     <span class='ocr_line' id='line_1_9' title="bbox 230 737 828 791; baseline -0.002 -12"><span class='ocrx_word' id='word_1_65' title='bbox 230 739 281 780; x_wconf 85' lang='lat' dir='ltr'>enim</span> <span class='ocrx_word' id='word_1_66' title='bbox 301 737 384 785; x_wconf 82' lang='lat' dir='ltr'>fisacit,</span> <span class='ocrx_word' id='word_1_67' title='bbox 409 743 487 779; x_wconf 82' lang='lat' dir='ltr'>conatus</span> <span class='ocrx_word' id='word_1_68' title='bbox 504 737 547 775; x_wconf 88' lang='lat' dir='ltr'>suos</span> <span class='ocrx_word' id='word_1_69' title='bbox 565 751 603 778; x_wconf 91' lang='lat' dir='ltr'>non</span> <span class='ocrx_word' id='word_1_70' title='bbox 621 739 685 780; x_wconf 81' lang='lat' dir='ltr'>irritos</span> <span class='ocrx_word' id='word_1_71' title='bbox 705 739 753 791; x_wconf 85' lang='lat' dir='ltr'>esse,</span> <span class='ocrx_word' id='word_1_72' title='bbox 774 739 828 781; x_wconf 79' lang='lat' dir='ltr'>saeile</span> 
     </span>
     <span class='ocr_line' id='line_1_10' title="bbox 219 801 309 844; baseline 0.011 -1"><span class='ocrx_word' id='word_1_73' title='bbox 219 801 309 844; x_wconf 69' lang='lat' dir='ltr'>Videblto</span> 
     </span>
    </p>
   </div>
   <div class='ocr_carea' id='block_1_3' title="bbox 406 896 609 955">
    <p class='ocr_par' dir='ltr' id='par_1_3' title="bbox 406 896 609 955">
     <span class='ocr_line' id='line_1_11' title="bbox 406 896 609 955; baseline 0.005 -15"><span class='ocrx_word' id='word_1_74' title='bbox 406 932 408 940; x_wconf 21' lang='grc' dir='ltr'><em>Α</em></span> <span class='ocrx_word' id='word_1_75' title='bbox 465 898 485 955; x_wconf 80' lang='lat'>§-</span> <span class='ocrx_word' id='word_1_76' title='bbox 520 896 609 942; x_wconf 71' lang='lat' dir='ltr'>ernon.</span> 
     </span>
    </p>
   </div>
   <div class='ocr_carea' id='block_1_4' title="bbox 181 974 833 1715">
    <p class='ocr_par' dir='ltr' id='par_1_4' title="bbox 181 974 833 1468">
     <span class='ocr_line' id='line_1_12' title="bbox 290 974 830 1033; baseline 0 -9"><span class='ocrx_word' id='word_1_77' title='bbox 290 979 399 1024; x_wconf 71' lang='lat' dir='ltr'>Peccatum</span> <span class='ocrx_word' id='word_1_78' title='bbox 412 977 488 1033; x_wconf 82' lang='lat' dir='ltr'>proprie</span> <span class='ocrx_word' id='word_1_79' title='bbox 504 977 585 1026; x_wconf 66' lang='lat' dir='ltr'>ditium,</span> <span class='ocrx_word' id='word_1_80' title='bbox 609 977 660 1030; x_wconf 85' lang='lat' dir='ltr'>quod</span> <span class='ocrx_word' id='word_1_81' title='bbox 677 981 735 1033; x_wconf 81' lang='lat' dir='ltr'>vulgo</span> <span class='ocrx_word' id='word_1_82' title='bbox 752 974 830 1024; x_wconf 73' lang='lat' dir='ltr'>nsirraie</span> 
     </span>
     <span class='ocr_line' id='line_1_13' title="bbox 232 1040 830 1094; baseline -0.005 -8"><span class='ocrx_word' id='word_1_83' title='bbox 232 1052 312 1089; x_wconf 81' lang='lat' dir='ltr'>vocant,</span> <span class='ocrx_word' id='word_1_84' title='bbox 327 1042 353 1081; x_wconf 89' lang='lat' dir='ltr'>est</span> <span class='ocrx_word' id='word_1_85' title='bbox 362 1055 418 1081; x_wconf 88' lang='lat' dir='ltr'>omne</span> <span class='ocrx_word' id='word_1_86' title='bbox 432 1040 501 1081; x_wconf 71' lang='lat' dir='ltr'>fabium</span> <span class='ocrx_word' id='word_1_87' title='bbox 509 1040 603 1087; x_wconf 85' lang='lat' dir='ltr'>hominis,</span> <span class='ocrx_word' id='word_1_88' title='bbox 618 1041 655 1093; x_wconf 86' lang='lat' dir='ltr'>legi</span> <span class='ocrx_word' id='word_1_89' title='bbox 667 1041 699 1094; x_wconf 81' lang='lat' dir='ltr'>ipu</span> <span class='ocrx_word' id='word_1_90' title='bbox 708 1044 830 1094; x_wconf 75' lang='lat' dir='ltr'>praescriptae</span> 
     </span>
     <span class='ocr_line' id='line_1_14' title="bbox 232 1101 831 1157; baseline -0.005 -9"><span class='ocrx_word' id='word_1_91' title='bbox 232 1105 346 1147; x_wconf 84' lang='lat' dir='ltr'>contrarium</span> <span class='ocrx_word' id='word_1_92' title='bbox 355 1105 413 1147; x_wconf 77' lang='lat' dir='ltr'>rloh.</span> <span class='ocrx_word' id='word_1_93' title='bbox 422 1101 456 1152; x_wconf 81' lang='grc' dir='ltr'>ΙΙΙ,</span> <span class='ocrx_word' id='word_1_94' title='bbox 469 1118 492 1155; x_wconf 75' lang='lat'>4.</span> <span class='ocrx_word' id='word_1_95' title='bbox 522 1101 590 1143; x_wconf 81' lang='lat' dir='ltr'>Cuiuis</span> <span class='ocrx_word' id='word_1_96' title='bbox 598 1102 671 1143; x_wconf 86' lang='lat' dir='ltr'>homini</span> <span class='ocrx_word' id='word_1_97' title='bbox 682 1106 733 1157; x_wconf 81' lang='lat' dir='ltr'>leges</span> <span class='ocrx_word' id='word_1_98' title='bbox 743 1105 831 1155; x_wconf 72' lang='lat' dir='ltr'>quasdam</span> 
     </span>
     <span class='ocr_line' id='line_1_15' title="bbox 232 1164 831 1218; baseline -0.003 -10"><span class='ocrx_word' id='word_1_99' title='bbox 232 1168 275 1209; x_wconf 90' lang='lat' dir='ltr'>tulit</span> <span class='ocrx_word' id='word_1_100' title='bbox 284 1169 348 1216; x_wconf 80' lang='lat' dir='ltr'>Dens,</span> <span class='ocrx_word' id='word_1_101' title='bbox 364 1164 444 1206; x_wconf 81' lang='lat' dir='ltr'>rationis</span> <span class='ocrx_word' id='word_1_102' title='bbox 452 1178 488 1217; x_wconf 86' lang='lat' dir='ltr'>ope</span> <span class='ocrx_word' id='word_1_103' title='bbox 496 1166 632 1218; x_wconf 74' lang='lat' dir='ltr'>cognoscendas</span> <span class='ocrx_word' id='word_1_104' title='bbox 640 1165 698 1208; x_wconf 81' lang='lat' dir='ltr'>Rom.</span> <span class='ocrx_word' id='word_1_105' title='bbox 708 1166 733 1215; x_wconf 88' lang='lat'>11,</span> <span class='ocrx_word' id='word_1_106' title='bbox 748 1179 831 1216; x_wconf 62' lang='lat' dir='ltr'>renuas</span> 
     </span>
     <span class='ocr_line' id='line_1_16' title="bbox 233 1222 831 1281; baseline -0.003 -10"><span class='ocrx_word' id='word_1_107' title='bbox 233 1229 348 1271; x_wconf 86' lang='lat' dir='ltr'>reuelatione</span> <span class='ocrx_word' id='word_1_108' title='bbox 366 1226 484 1267; x_wconf 80' lang='lat' dir='ltr'>confirmauit</span> <span class='ocrx_word' id='word_1_109' title='bbox 499 1234 518 1265; x_wconf 87' lang='lat' dir='ltr'>et</span> <span class='ocrx_word' id='word_1_110' title='bbox 538 1223 637 1266; x_wconf 85' lang='lat' dir='ltr'>illustrauit</span> <span class='ocrx_word' id='word_1_111' title='bbox 658 1222 736 1267; x_wconf 83' lang='lat' dir='ltr'>Michae</span> <span class='ocrx_word' id='word_1_112' title='bbox 751 1225 792 1281; x_wconf 86' lang='lat' dir='ltr'>Vl,</span> <span class='ocrx_word' id='word_1_113' title='bbox 813 1237 831 1279; x_wconf 81' lang='lat'>8.</span> 
     </span>
     <span class='ocr_line' id='line_1_17' title="bbox 233 1289 832 1346; baseline -0.007 -13"><span class='ocrx_word' id='word_1_114' title='bbox 233 1292 304 1334; x_wconf 78' lang='lat' dir='ltr'>Manu.</span> <span class='ocrx_word' id='word_1_115' title='bbox 314 1290 376 1335; x_wconf 78' lang='lat' dir='ltr'>XXII,</span> <span class='ocrx_word' id='word_1_116' title='bbox 391 1301 417 1343; x_wconf 78' lang='lat'>37</span> <span class='ocrx_word' id='word_1_117' title='bbox 424 1302 467 1346; x_wconf 81' lang='lat'>-39.</span> <span class='ocrx_word' id='word_1_118' title='bbox 497 1289 544 1329; x_wconf 85' lang='lat' dir='ltr'>Sunt</span> <span class='ocrx_word' id='word_1_119' title='bbox 553 1297 649 1340; x_wconf 80' lang='lat' dir='ltr'>praeterea</span> <span class='ocrx_word' id='word_1_120' title='bbox 658 1291 708 1341; x_wconf 81' lang='lat' dir='ltr'>leges</span> <span class='ocrx_word' id='word_1_121' title='bbox 718 1289 793 1336; x_wconf 85' lang='lat' dir='ltr'>ciuiles,</span> <span class='ocrx_word' id='word_1_122' title='bbox 808 1290 832 1331; x_wconf 84' lang='lat' dir='ltr'>ad</span> 
     </span>
     <span class='ocr_line' id='line_1_18' title="bbox 234 1344 831 1406; baseline -0.007 -12"><span class='ocrx_word' id='word_1_123' title='bbox 234 1367 279 1406; x_wconf 81' lang='lat' dir='ltr'>quas</span> <span class='ocrx_word' id='word_1_124' title='bbox 288 1344 406 1400; x_wconf 71' lang='lat' dir='ltr'>obsequium,</span> <span class='ocrx_word' id='word_1_125' title='bbox 419 1349 554 1401; x_wconf 79' lang='lat' dir='ltr'>magistratibus</span> <span class='ocrx_word' id='word_1_126' title='bbox 563 1350 617 1389; x_wconf 89' lang='lat' dir='ltr'>nobis</span> <span class='ocrx_word' id='word_1_127' title='bbox 625 1351 731 1402; x_wconf 75' lang='lat' dir='ltr'>praepositis</span> <span class='ocrx_word' id='word_1_128' title='bbox 740 1352 831 1399; x_wconf 79' lang='lat' dir='ltr'>debitum,</span> 
     </span>
     <span class='ocr_line' id='line_1_19' title="bbox 181 1410 833 1468; baseline -0.002 -12"><span class='ocrx_word' id='word_1_129' title='bbox 181 1413 190 1425; x_wconf 60' lang='lat'><strong><em>‘</em></strong></span> <span class='ocrx_word' id='word_1_130' title='bbox 234 1430 270 1466; x_wconf 80' lang='lat' dir='ltr'>nos</span> <span class='ocrx_word' id='word_1_131' title='bbox 278 1413 377 1465; x_wconf 78' lang='lat' dir='ltr'>obstringit</span> <span class='ocrx_word' id='word_1_132' title='bbox 387 1412 445 1454; x_wconf 84' lang='lat' dir='ltr'>Rom.</span> <span class='ocrx_word' id='word_1_133' title='bbox 455 1410 511 1462; x_wconf 85' lang='lat' dir='ltr'>XIII,</span> <span class='ocrx_word' id='word_1_134' title='bbox 523 1424 538 1453; x_wconf 89' lang='lat'>1.</span> <span class='ocrx_word' id='word_1_135' title='bbox 549 1424 570 1454; x_wconf 84' lang='lat'>2.</span> <span class='ocrx_word' id='word_1_136' title='bbox 607 1410 639 1450; x_wconf 84' lang='lat' dir='ltr'>Est</span> <span class='ocrx_word' id='word_1_137' title='bbox 653 1418 713 1451; x_wconf 85' lang='lat' dir='ltr'>autem</span> <span class='ocrx_word' id='word_1_138' title='bbox 725 1419 833 1468; x_wconf 73' lang='lat' dir='ltr'>precntum</span> 
     </span>
    </p>

    <p class='ocr_par' dir='ltr' id='par_1_5' title="bbox 202 1470 833 1715">
     <span class='ocr_line' id='line_1_20' title="bbox 202 1470 833 1531; baseline -0.006 -12"><span class='ocrx_word' id='word_1_139' title='bbox 202 1478 203 1481; x_wconf 71' lang='grc'>’</span> <span class='ocrx_word' id='word_1_140' title='bbox 235 1479 266 1519; x_wconf 83' lang='lat' dir='ltr'>uel</span> <span class='ocrx_word' id='word_1_141' title='bbox 275 1470 424 1531; x_wconf 79' lang='lat' dir='ltr'>eorrrrnifflunir,</span> <span class='ocrx_word' id='word_1_142' title='bbox 438 1473 537 1513; x_wconf 82' lang='lat' dir='ltr'>filacimus</span> <span class='ocrx_word' id='word_1_143' title='bbox 546 1472 631 1521; x_wconf 77' lang='lat' dir='ltr'>uitanda,</span> <span class='ocrx_word' id='word_1_144' title='bbox 646 1475 677 1513; x_wconf 86' lang='lat' dir='ltr'>vel</span> <span class='ocrx_word' id='word_1_145' title='bbox 687 1471 804 1531; x_wconf 62' lang='lat' dir='ltr'>ornifflorrir,</span> <span class='ocrx_word' id='word_1_146' title='bbox 820 1475 833 1515; x_wconf 86' lang='lat' dir='ltr'>sr</span> 
     </span>
     <span class='ocr_line' id='line_1_21' title="bbox 236 1533 831 1590; baseline -0.003 -11"><span class='ocrx_word' id='word_1_147' title='bbox 236 1540 293 1590; x_wconf 88' lang='lat' dir='ltr'>qnid,</span> <span class='ocrx_word' id='word_1_148' title='bbox 308 1538 359 1587; x_wconf 89' lang='lat' dir='ltr'>quod</span> <span class='ocrx_word' id='word_1_149' title='bbox 373 1534 431 1574; x_wconf 84' lang='lat' dir='ltr'>nostri</span> <span class='ocrx_word' id='word_1_150' title='bbox 444 1534 470 1574; x_wconf 90' lang='lat' dir='ltr'>est</span> <span class='ocrx_word' id='word_1_151' title='bbox 482 1533 554 1584; x_wconf 83' lang='lat' dir='ltr'>officii,</span> <span class='ocrx_word' id='word_1_152' title='bbox 578 1533 688 1587; x_wconf 80' lang='lat' dir='ltr'>negligimus</span> <span class='ocrx_word' id='word_1_153' title='bbox 700 1536 735 1575; x_wconf 81' lang='lat' dir='ltr'>lae.</span> <span class='ocrx_word' id='word_1_154' title='bbox 750 1538 785 1584; x_wconf 77' lang='lat' dir='ltr'>tV,</span> <span class='ocrx_word' id='word_1_155' title='bbox 801 1550 831 1589; x_wconf 90' lang='lat'>17.</span> 
     </span>
     <span class='ocr_line' id='line_1_22' title="bbox 235 1591 833 1653; baseline -0.01 -10"><span class='ocrx_word' id='word_1_156' title='bbox 235 1599 331 1653; x_wconf 86' lang='lat' dir='ltr'>Distingui</span> <span class='ocrx_word' id='word_1_157' title='bbox 341 1597 395 1637; x_wconf 81' lang='lat' dir='ltr'>etiarn</span> <span class='ocrx_word' id='word_1_158' title='bbox 404 1597 463 1635; x_wconf 62' lang='lat' dir='ltr'>silent</span> <span class='ocrx_word' id='word_1_159' title='bbox 470 1604 544 1648; x_wconf 81' lang='lat' dir='ltr'>peccata</span> <span class='ocrx_word' id='word_1_160' title='bbox 554 1593 633 1637; x_wconf 78' lang='lat' dir='ltr'>tutione</span> <span class='ocrx_word' id='word_1_161' title='bbox 642 1591 710 1638; x_wconf 66' lang='lat' dir='ltr'>chirisi</span> <span class='ocrx_word' id='word_1_162' title='bbox 717 1595 736 1637; x_wconf 89' lang='lat' dir='ltr'>in</span> <span class='ocrx_word' id='word_1_163' title='bbox 745 1611 773 1647; x_wconf 83' lang='lat' dir='ltr'>ea,</span> <span class='ocrx_word' id='word_1_164' title='bbox 787 1611 833 1649; x_wconf 83' lang='lat' dir='ltr'>qnae</span> 
     </span>
     <span class='ocr_line' id='line_1_23' title="bbox 237 1658 833 1715; baseline -0.002 -14"><span class='ocrx_word' id='word_1_165' title='bbox 237 1665 278 1715; x_wconf 84' lang='lat' dir='ltr'>quis</span> <span class='ocrx_word' id='word_1_166' title='bbox 287 1664 317 1701; x_wconf 85' lang='lat' dir='ltr'>uel</span> <span class='ocrx_word' id='word_1_167' title='bbox 328 1665 392 1699; x_wconf 79' lang='lat' dir='ltr'>contra</span> <span class='ocrx_word' id='word_1_168' title='bbox 399 1658 477 1702; x_wconf 77' lang='lat' dir='ltr'>Deum,</span> <span class='ocrx_word' id='word_1_169' title='bbox 493 1659 524 1696; x_wconf 91' lang='lat' dir='ltr'>vel</span> <span class='ocrx_word' id='word_1_170' title='bbox 534 1665 598 1696; x_wconf 80' lang='lat' dir='ltr'>contra</span> <span class='ocrx_word' id='word_1_171' title='bbox 609 1659 627 1696; x_wconf 83' lang='lat' dir='ltr'>se</span> <span class='ocrx_word' id='word_1_172' title='bbox 636 1658 707 1709; x_wconf 85' lang='lat' dir='ltr'>ipsum,</span> <span class='ocrx_word' id='word_1_173' title='bbox 723 1662 754 1699; x_wconf 86' lang='lat' dir='ltr'>vel</span> <span class='ocrx_word' id='word_1_174' title='bbox 768 1668 833 1701; x_wconf 78' lang='lat' dir='ltr'>contra</span> 
     </span>
    </p>
   </div>
   <div class='ocr_carea' id='block_1_5' title="bbox 236 1715 833 1967">
    <p class='ocr_par' dir='ltr' id='par_1_6' title="bbox 236 1715 833 1967">
     <span class='ocr_line' id='line_1_24' title="bbox 236 1715 833 1778; baseline -0.007 -12"><span class='ocrx_word' id='word_1_175' title='bbox 236 1724 283 1767; x_wconf 80' lang='lat' dir='ltr'>alins</span> <span class='ocrx_word' id='word_1_176' title='bbox 293 1720 394 1763; x_wconf 84' lang='lat' dir='ltr'>committit</span> <span class='ocrx_word' id='word_1_177' title='bbox 403 1727 422 1760; x_wconf 87' lang='lat' dir='ltr'>et</span> <span class='ocrx_word' id='word_1_178' title='bbox 435 1718 515 1762; x_wconf 79' lang='lat' dir='ltr'>ratione</span> <span class='ocrx_word' id='word_1_179' title='bbox 527 1715 583 1761; x_wconf 81' lang='lat' dir='ltr'>modi</span> <span class='ocrx_word' id='word_1_180' title='bbox 591 1717 708 1778; x_wconf 71' lang='lat' dir='ltr'>peragendi</span> <span class='ocrx_word' id='word_1_181' title='bbox 720 1719 739 1760; x_wconf 91' lang='lat' dir='ltr'>in</span> <span class='ocrx_word' id='word_1_182' title='bbox 754 1721 833 1769; x_wconf 79' lang='lat' dir='ltr'>interna,</span> 
     </span>
     <span class='ocr_line' id='line_1_25' title="bbox 237 1780 833 1839; baseline -0.017 -13"><span class='ocrx_word' id='word_1_183' title='bbox 237 1786 312 1839; x_wconf 82' lang='lat' dir='ltr'>quaein</span> <span class='ocrx_word' id='word_1_184' title='bbox 321 1781 466 1836; x_wconf 67' lang='lat' dir='ltr'>cogitationibus</span> <span class='ocrx_word' id='word_1_185' title='bbox 475 1780 554 1830; x_wconf 85' lang='lat' dir='ltr'>illicitis,</span> <span class='ocrx_word' id='word_1_186' title='bbox 570 1788 589 1820; x_wconf 86' lang='lat' dir='ltr'>et</span> <span class='ocrx_word' id='word_1_187' title='bbox 602 1788 689 1828; x_wconf 74' lang='lat' dir='ltr'>externa,</span> <span class='ocrx_word' id='word_1_188' title='bbox 705 1795 751 1832; x_wconf 82' lang='lat' dir='ltr'>qnae</span> <span class='ocrx_word' id='word_1_189' title='bbox 765 1784 784 1824; x_wconf 93' lang='lat' dir='ltr'>in</span> <span class='ocrx_word' id='word_1_190' title='bbox 797 1785 833 1825; x_wconf 78' lang='lat' dir='ltr'>mi.</span> 
     </span>
     <span class='ocr_line' id='line_1_26' title="bbox 236 1841 833 1897; baseline -0.015 -6"><span class='ocrx_word' id='word_1_191' title='bbox 236 1862 271 1891; x_wconf 89' lang='lat' dir='ltr'>nus</span> <span class='ocrx_word' id='word_1_192' title='bbox 280 1845 361 1887; x_wconf 83' lang='lat' dir='ltr'>honestis</span> <span class='ocrx_word' id='word_1_193' title='bbox 370 1841 459 1897; x_wconf 78' lang='lat' dir='ltr'>gestibus,</span> <span class='ocrx_word' id='word_1_194' title='bbox 472 1842 588 1883; x_wconf 86' lang='lat' dir='ltr'>sermonibus</span> <span class='ocrx_word' id='word_1_195' title='bbox 597 1849 617 1883; x_wconf 81' lang='lat' dir='ltr'>et</span> <span class='ocrx_word' id='word_1_196' title='bbox 624 1841 727 1884; x_wconf 70' lang='lat' dir='ltr'>antoninus</span> <span class='ocrx_word' id='word_1_197' title='bbox 735 1846 782 1896; x_wconf 83' lang='lat' dir='ltr'>aliis,</span> <span class='ocrx_word' id='word_1_198' title='bbox 792 1859 833 1886; x_wconf 86' lang='lat' dir='ltr'>cnr.</span> 
     </span>
     <span class='ocr_line' id='line_1_27' title="bbox 236 1904 499 1967; baseline -0.03 -15"><span class='ocrx_word' id='word_1_199' title='bbox 236 1924 282 1967; x_wconf 87' lang='lat' dir='ltr'>pore</span> <span class='ocrx_word' id='word_1_200' title='bbox 290 1906 379 1963; x_wconf 66' lang='lat' dir='ltr'>pernitie,</span> <span class='ocrx_word' id='word_1_201' title='bbox 395 1904 499 1948; x_wconf 78' lang='lat' dir='ltr'>consistunt.</span> 
     </span>
    </p>
   </div>
   <div class='ocr_carea' id='block_1_6' title="bbox 235 1982 834 2355">
    <p class='ocr_par' dir='ltr' id='par_1_7' title="bbox 268 1982 834 2166">
     <span class='ocr_line' id='line_1_28' title="bbox 268 1982 834 2039; baseline -0.007 -6"><span class='ocrx_word' id='word_1_202' title='bbox 268 1992 299 2033; x_wconf 87' lang='lat' dir='ltr'>Ad</span> <span class='ocrx_word' id='word_1_203' title='bbox 309 1987 366 2030; x_wconf 76' lang='lat' dir='ltr'>malas</span> <span class='ocrx_word' id='word_1_204' title='bbox 378 1985 500 2039; x_wconf 80' lang='lat' dir='ltr'>cogitationes</span> <span class='ocrx_word' id='word_1_205' title='bbox 512 1998 523 2026; x_wconf 85' lang='lat' dir='ltr'>a</span> <span class='ocrx_word' id='word_1_206' title='bbox 535 1982 645 2036; x_wconf 81' lang='lat' dir='ltr'>quibusdam</span> <span class='ocrx_word' id='word_1_207' title='bbox 659 1983 715 2026; x_wconf 79' lang='lat' dir='ltr'>etiam</span> <span class='ocrx_word' id='word_1_208' title='bbox 727 1987 834 2029; x_wconf 84' lang='lat' dir='ltr'>reseruntur</span> 
     </span>
     <span class='ocr_line' id='line_1_29' title="bbox 291 2046 834 2105; baseline -0.011 -9"><span class='ocrx_word' id='word_1_209' title='bbox 291 2061 363 2099; x_wconf 62' lang='lat' dir='ltr'>,motus</span> <span class='ocrx_word' id='word_1_210' title='bbox 372 2047 452 2105; x_wconf 76' lang='lat' dir='ltr'>prirno-</span> <span class='ocrx_word' id='word_1_211' title='bbox 455 2047 532 2104; x_wconf 80' lang='lat' dir='ltr'>primi,</span> <span class='ocrx_word' id='word_1_212' title='bbox 551 2055 573 2087; x_wconf 91' lang='lat' dir='ltr'>vt</span> <span class='ocrx_word' id='word_1_213' title='bbox 582 2046 683 2089; x_wconf 80' lang='lat' dir='ltr'>scholastici</span> <span class='ocrx_word' id='word_1_214' title='bbox 693 2061 725 2089; x_wconf 87' lang='lat' dir='ltr'>eos</span> <span class='ocrx_word' id='word_1_215' title='bbox 736 2058 834 2100; x_wconf 83' lang='lat' dir='ltr'>vocarunt,</span> 
     </span>
     <span class='ocr_line' id='line_1_30' title="bbox 296 2107 834 2166; baseline -0.006 -11"><span class='ocrx_word' id='word_1_216' title='bbox 296 2127 345 2166; x_wconf 88' lang='lat' dir='ltr'>qnos</span> <span class='ocrx_word' id='word_1_217' title='bbox 353 2120 415 2152; x_wconf 82' lang='lat' dir='ltr'>tamen</span> <span class='ocrx_word' id='word_1_218' title='bbox 424 2110 455 2150; x_wconf 82' lang='lat' dir='ltr'>alii</span> <span class='ocrx_word' id='word_1_219' title='bbox 462 2110 506 2150; x_wconf 90' lang='lat' dir='ltr'>ideo</span> <span class='ocrx_word' id='word_1_220' title='bbox 516 2107 571 2162; x_wconf 82' lang='lat' dir='ltr'>eulpa</span> <span class='ocrx_word' id='word_1_221' title='bbox 579 2122 645 2149; x_wconf 79' lang='lat' dir='ltr'>vacare</span> <span class='ocrx_word' id='word_1_222' title='bbox 654 2109 775 2158; x_wconf 83' lang='lat' dir='ltr'>arbitrantur,</span> <span class='ocrx_word' id='word_1_223' title='bbox 791 2112 834 2162; x_wconf 83' lang='lat' dir='ltr'>quia</span> 
     </span>
    </p>

    <p class='ocr_par' dir='ltr' id='par_1_8' title="bbox 235 2171 834 2355">
     <span class='ocr_line' id='line_1_31' title="bbox 235 2171 834 2226; baseline -0.007 -9"><span class='ocrx_word' id='word_1_224' title='bbox 235 2186 237 2189; x_wconf 81' lang='grc'><em>·</em></span> <span class='ocrx_word' id='word_1_225' title='bbox 295 2173 373 2218; x_wconf 83' lang='lat' dir='ltr'>bomine</span> <span class='ocrx_word' id='word_1_226' title='bbox 381 2172 442 2212; x_wconf 87' lang='lat' dir='ltr'>inuito</span> <span class='ocrx_word' id='word_1_227' title='bbox 450 2171 536 2212; x_wconf 87' lang='lat' dir='ltr'>oriuntur</span> <span class='ocrx_word' id='word_1_228' title='bbox 547 2179 566 2211; x_wconf 87' lang='lat' dir='ltr'>et</span> <span class='ocrx_word' id='word_1_229' title='bbox 577 2174 658 2212; x_wconf 87' lang='lat' dir='ltr'>multum</span> <span class='ocrx_word' id='word_1_230' title='bbox 671 2171 758 2212; x_wconf 77' lang='lat' dir='ltr'>differunt</span> <span class='ocrx_word' id='word_1_231' title='bbox 770 2186 781 2213; x_wconf 84' lang='lat' dir='ltr'><strong>a</strong></span> <span class='ocrx_word' id='word_1_232' title='bbox 793 2186 834 2226; x_wconf 80' lang='lat' dir='ltr'>pra·</span> 
     </span>
     <span class='ocr_line' id='line_1_32' title="bbox 295 2232 834 2289; baseline -0.006 -10"><span class='ocrx_word' id='word_1_233' title='bbox 295 2236 325 2279; x_wconf 85' lang='lat' dir='ltr'>ttis</span> <span class='ocrx_word' id='word_1_234' title='bbox 340 2233 482 2289; x_wconf 79' lang='lat' dir='ltr'>cupiditatibus,</span> <span class='ocrx_word' id='word_1_235' title='bbox 505 2233 574 2285; x_wconf 85' lang='lat' dir='ltr'>quibos</span> <span class='ocrx_word' id='word_1_236' title='bbox 591 2232 650 2277; x_wconf 81' lang='lat' dir='ltr'>horno</span> <span class='ocrx_word' id='word_1_237' title='bbox 662 2232 745 2288; x_wconf 76' lang='lat' dir='ltr'>indulget</span> <span class='ocrx_word' id='word_1_238' title='bbox 758 2242 777 2274; x_wconf 87' lang='lat' dir='ltr'>et</span> <span class='ocrx_word' id='word_1_239' title='bbox 789 2246 834 2286; x_wconf 86' lang='lat' dir='ltr'>quas</span> 
     </span>
     <span class='ocr_line' id='line_1_33' title="bbox 296 2295 596 2355; baseline -0.023 -12"><span class='ocrx_word' id='word_1_240' title='bbox 296 2312 336 2343; x_wconf 86' lang='lat' dir='ltr'>non</span> <span class='ocrx_word' id='word_1_241' title='bbox 344 2298 438 2355; x_wconf 80' lang='lat' dir='ltr'>improbat</span> <span class='ocrx_word' id='word_1_242' title='bbox 446 2297 505 2342; x_wconf 81' lang='lat' dir='ltr'>Rern,</span> <span class='ocrx_word' id='word_1_243' title='bbox 515 2295 561 2345; x_wconf 92' lang='lat' dir='ltr'><strong>VII,</strong></span> <span class='ocrx_word' id='word_1_244' title='bbox 576 2308 596 2355; x_wconf 82' lang='lat'>7.</span> 
     </span>
    </p>
   </div>
   <div class='ocr_carea' id='block_1_7' title="bbox 700 2395 834 2453">
    <p class='ocr_par' dir='ltr' id='par_1_9' title="bbox 700 2395 834 2453">
     <span class='ocr_line' id='line_1_34' title="bbox 700 2395 834 2453; baseline 0.03 -16"><span class='ocrx_word' id='word_1_245' title='bbox 700 2395 721 2453; x_wconf 68' lang='lat' dir='ltr'>p.</span> <span class='ocrx_word' id='word_1_246' title='bbox 736 2396 834 2441; x_wconf 77' lang='lat' dir='ltr'>nnnnu</span> 
     </span>
    </p>
   </div>
   <div class='ocr_carea' id='block_1_8' title="bbox 0 0 870 2774">
    <p class='ocr_par' dir='ltr' id='par_1_10' title="bbox 0 0 870 2774">
     <span class='ocr_line' id='line_1_35' title="bbox 0 0 870 2774; baseline 0 0"><span class='ocrx_word' id='word_1_247' title='bbox 0 0 870 2774; x_wconf 95' lang='lat' dir='ltr'> </span> 
     </span>
    </p>
   </div>
  </div>
 </body>
</html>
