1702 2774
108 144 146 183 na
164 123 343 182 narremur
362 128 588 185 laranrsnraua
624 144 650 195 9¹

65 257 67 261 ’
88 285 89 288 ,
112 241 498 297 Christianosuetaresrecensetetrefutat
507 257 564 286 crin.
573 256 650 284 ronr-

110 317 210 344 rronrns
220 304 331 363 inl'ngnno
341 300 477 350 attremant-e.
489 305 561 347 Kilonii
566 308 622 358 1698.
629 320 650 356 4.

111 366 169 408 Conf.
183 367 239 406 etiam
253 378 371 407 enrrnoa
394 377 432 407 ra.
453 380 529 409 sumt
547 366 650 425 Pergamus

114 424 275 482 Gdristimmrum
284 424 381 467 laudator
390 434 409 465 et
415 424 495 481 fantur.
514 429 583 480 Lipliae
592 443 648 480 ¹74¹·

106 502 129 538 4,
188 490 242 542 Qirae
254 500 270 525 m
275 501 283 525 1
288 501 301 524 n
308 499 321 523 n
327 500 356 525 nn
362 500 376 524 r
381 498 393 524 0
398 499 412 523 aa
418 499 444 524 us
453 488 476 524 de
484 484 589 530 (iteratione
598 487 647 532 aloni

108 545 255 589 retinaculorum
264 546 286 587 iu
292 547 364 602 prinm
374 543 451 603 ecclesta
459 547 530 598 anglice
538 562 593 600 1749
603 551 647 589 seri·

108 608 150 663 psit,
159 608 264 665 germanice
272 608 323 649 versa
331 609 444 650 Hanonerae
455 620 477 660 17
480 621 506 667 5¹·
515 608 632 664 prodierunt.

295 713 316 769 u,
346 713 398 757 cru.

108 795 260 848 Complellemur
268 794 305 834 iam
314 801 394 847 tempus,
411 794 479 845 quoda
488 808 646 837 consranrr-

48 869 81 896 aro
89 854 124 899 M.
133 870 192 906 vsque
201 857 224 895 ad
233 869 356 898 canonum
365 855 400 898 Μ.
411 857 434 896 ab
446 869 494 895 anno
502 869 610 911 312.vsque
621 858 654 897 ad'

47 918 103 956 finem
112 918 168 957 seenli
181 916 241 957 orlani
250 917 322 957 effluxit
337 926 393 956 etex
407 930 430 956 eo
444 918 544 966 quaedam,
563 917 611 967 'quae
623 918 647 957 ad

46 979 140 1018 historiam
148 979 244 1030 religionis
259 978 365 1017 christianae
379 979 458 1018 maxime
471 979 551 1025 faciunt,
571 980 645 1019 notabi-

46 1052 94 1081 mus,
130 1039 260 1080 Constantinus
276 1040 306 1080 Nl.
320 1040 351 1088 qui
364 1051 412 1077 anno
425 1050 463 1092 312.
478 1039 528 1078 vitm
542 1040 645 1080 Maxentio

47 1100 128 1154 imperio
145 1100 232 1141 Romano
251 1099 277 1138 est
296 1099 379 1151 potitus,
402 1098 511 1139 Christianis
530 1113 568 1139 non
585 1102 645 1141 solum

47 1176 124 1203 ornnem
135 1163 241 1203 libertatem
253 1169 271 1201 et
284 1162 401 1202 securitatem
413 1161 487 1215 publice
502 1162 596 1215 promisit,
613 1164 645 1204 sed

48 1227 103 1266 etiam
111 1225 149 1278 ipse
157 1226 213 1265 fidem
222 1224 336 1264 christianam
346 1224 372 1263 est
382 1228 490 1276 amplexus,
509 1225 553 1265 licet
568 1227 645 1267 demum

46 1290 103 1341 paulo
115 1297 156 1328 ante
166 1294 247 1327 mortem
260 1286 349 1339 baptizari
362 1287 450 1330 voluerit.
487 1286 563 1327 Laetior
576 1289 645 1329 exinde

47 1350 194 1391 Christianorum
208 1348 291 1387 conditio
306 1352 386 1387 multum
398 1350 420 1387 ad
434 1348 532 1388 meliorem
546 1349 643 1402 religionis

47 1411 156 1450 christianae
165 1413 255 1448 culturam
264 1410 342 1448 eontulit
354 1417 372 1447 et
382 1421 425 1448 cum
433 1409 537 1448 litterarum
550 1410 607 1451 studia
616 1412 644 1451 in-

46 1479 76 1511 ter
84 1471 198 1510 Christianos
207 1471 266 1522 magis
275 1472 341 1508 florere
350 1469 461 1520 coepissent,
477 1472 540 1521 plnres
552 1480 604 1511 erant
615 1486 646 1512 re·

45 1532 121 1586 ligionis
134 1531 232 1577 decimes,
249 1531 281 1580 qui
294 1531 417 1570 eruditionem
430 1543 472 1569 cum
486 1530 554 1582 pietate
565 1533 645 1573 coniun-

18 1598 20 1601 ”
46 1601 118 1649 gerent.
148 1594 253 1646 interrupta
261 1592 336 1642 quidem
345 1592 381 1632 fnit
389 1592 434 1632 haec
446 1592 525 1634 felicitas
538 1607 548 1634 a
562 1593 643 1636 ruera·

46 1672 98 1710 no„
107 1656 139 1708 qni
148 1664 224 1697 mortno
237 1655 361 1703 Constantio,
379 1655 495 1696 Constantini
507 1657 538 1699 M.
553 1658 592 1697 filio
603 1660 643 1699 suc-

47 1722 123 1761 cesserat
141 1727 159 1759 et
177 1719 287 1771 religionem
304 1718 418 1758 christianam
436 1728 583 1759 commutatrerat
599 1734 643 1761 cnm

47 1782 123 1837 gentili5
140 1781 227 1832 quoniam
238 1782 253 1820 is
261 1780 317 1820 uariis
326 1781 395 1820 artibus
406 1781 515 1832 religionem
527 1782 642 1823 christianam

47 1844 151 1884 contemtui
160 1855 254 1895 exponere
263 1849 282 1881 et
290 1842 377 1894 gentilem
391 1841 410 1880 in
422 1842 475 1881 altitu
489 1843 567 1883 enehere
581 1843 643 1884 stude·

46 1907 89 1946 bat:
105 1906 136 1945 sed
145 1918 183 1944 non
192 1904 223 1942 diu
232 1905 257 1944 ob
266 1904 324 1942 breue
335 1903 434 1955 imperinm
449 1903 555 1943 Christianis
567 1905 604 1944 fuit
618 1906 643 1946 ti.

46 1968 131 2006 mendus.
162 1967 262 2015 Sequentes
271 1965 337 2003 deinde
345 1968 468 2015 Imperatores
475 1965 585 2017 religionem
594 1967 643 2007 chri*

47 2027 134 2079 stianam,
150 2040 204 2076 quam
215 2025 246 2077 ipsi
255 2026 400 2078 profitebantur,
416 2025 533 2065 omnimodo
543 2028 585 2066 sunt
594 2028 644 2071 tuiti.

46 2088 115 2128 Variae
125 2096 201 2140 gentes,
217 2101 263 2139 quae
275 2084 338 2126 seculo
348 2087 368 2125 V
377 2087 474 2139 imperium
487 2086 602 2128 occidentale
611 2090 642 2128 de-

47 2152 164 2199 struxerunt,
179 2153 242 2193 caulae
252 2151 325 2203 quidem
335 2151 353 2192 in
368 2149 476 2200 regionibus
491 2152 533 2191 ase
548 2152 642 2206 ocetrpaiis

46 2218 123 2256 fuerunt
136 2215 244 2255 imminutae
256 2215 371 2260 eruditionis,
388 2214 487 2253 maximam
500 2224 561 2255 tamen
571 2227 642 2269 partem

47 2279 157 2333 religionem
166 2276 292 2329 christianam,
310 2277 338 2316 vti
348 2285 391 2316 tune
400 2284 450 2324 erat,
466 2277 509 2318 lieet
517 2279 576 2332 magis
590 2279 642 2317 Aria-

606 2353 641 2389 nis,
