1702 2774
112 152 150 187 uu
168 149 346 187 ruururouu
365 145 589 183 currsrraua.
617 147 668 201 op.

109 248 148 288 lod.
158 252 216 296 1728.
226 243 251 298 ’4.
314 244 346 281 De
360 244 436 291 rituum,
449 243 618 293 abpecciesraiatina
630 243 650 283 iu

110 309 162 360 cultu
172 306 210 345 Dei
220 304 296 358 publico
306 304 440 351 adhibitorum,
453 307 525 358 origine
535 304 589 345 dofiie
599 305 651 344 disse.

114 368 141 406 ru
157 380 208 410 rora.
225 378 360 405 uarrurvs
373 365 392 403 in
407 364 466 405 Libris
479 368 511 408 IX.
520 359 550 409 ‘de
563 362 652 409 cultibus

111 425 209 485 religiosts
217 426 348 471 Latinorum.
369 428 456 465 Geueuae
469 430 524 477 1751<
535 440 556 477 4.
570 429 650 470 Confer.

109 489 167 527 etiam
192 482 366 541 Encpclopuedz'ue
388 485 461 526 nostrae
490 484 609 547 theologicae
633 489 650 548 p.

51 561 55 593 ·,
113 546 323 591 (ΞΟΧΟΙ,1ῐα.ειεῑ1).

292 605 308 666 p·
346 607 414 651 CVIII.

112 670 152 710 Iam
161 667 223 722 paucis
231 669 345 716 uidebimur,
362 671 419 720 naulis
431 670 488 713 fuerit
499 670 596 727 reiigiouis
604 672 651 715 chri·
666 707 671 717 ..
683 675 685 677 ’
698 694 702 704 ·

53 731 122 774 stiauae
129 732 185 774 status
197 732 331 785 atemporibus
347 730 417 775 Caroli
431 732 464 776 M.
478 748 535 785 usque
551 737 574 776 ad
587 735 654 794 refhri

54 793 171 840 arationem.
204 795 283 835 Carolus
293 795 323 835 M.
333 807 392 848 reguo
402 795 573 850 Lougobardorum
584 799 604 838 in
616 800 653 840 Ita·

54 858 79 897 lia
90 857 189 905 destruiim
195 870 243 897 anuo
253 864 300 907 800.
308 857 381 899 Romae
390 857 493 910 Imperator
502 859 599 898 Romanus
609 874 656 912 pro-

56 922 144 959 clamatus
158 926 177 959 et
190 932 201 960 a
213 919 303 959 Pontifice
319 920 407 959 Romano
421 921 485 960 Leone
504 921 539 963 ΙΙΙ.
553 929 654 963 coronatur

55 993 132 1021 omnem
142 981 216 1031 quidem
226 980 277 1020 dedit
285 993 372 1033 operam,
387 989 445 1022 utres
459 982 554 1034 religionis
564 984 653 1036 collapsas
684 994 686 996 ·

56 1053 75 1084 et
82 1042 186 1083 litterarum
190 1042 249 1083 studia
257 1049 352 1082 contemta
360 1044 423 1082 rursus
432 1044 451 1082 in
461 1044 514 1083 altius
524 1043 619 1091 eueheret,
631 1045 655 1088 iu

56 1117 94 1155 quo
101 1104 156 1143 etiam
161 1104 208 1143 filius
214 1104 260 1148 eius,
265 1104 373 1142 Ludouieus
378 1103 426 1155 piru,
435 1111 454 1143 et
461 1116 519 1155 nepos
524 1106 605 1145 Carolus
611 1107 654 1147 Cal·
666 1104 668 1108 ’

55 1178 99 1211 uus,
108 1166 188 1204 multum
198 1164 353 1214 elaborauerunt;
368 1176 389 1202 ea
398 1164 501 1203 tameufuit
510 1172 617 1216 temporum
626 1165 655 1206 iu·

55 1225 146 1272 felicitas,
165 1233 187 1265 ut
196 1237 244 1265 mox
257 1225 319 1265 omnia
328 1225 348 1264 iu
359 1224 412 1276 peius
424 1232 506 1269 ruerent.
541 1224 613 1278 Magna
626 1226 657 1266 iu-v

56 1287 121 1341 primis
130 1286 225 1327 barbaries
236 1288 298 1325 seculo
307 1289 327 1327 X
337 1295 355 1325 et
365 1286 392 1326 XI
404 1288 440 1326 late
453 1286 472 1325 in
481 1287 555 1326 ecclesia
563 1287 619 1327 latiua
628 1287 655 1327 est

57 1348 163 1399 dominaia5
178 1361 224 1397 quae
235 1361 257 1387 err
267 1355 317 1398 parte
327 1347 402 1397 quidem
410 1347 514 1393 imminuta,
528 1348 606 1387 sednon
617 1351 657 1400 pla*=

57 1423 81 1449 ne
94 1410 168 1460 depulsa
181 1408 207 1447 est
220 1410 282 1447 seculo
297 1410 338 1448 XII.
352 1407 402 1451 XIII.
416 1408 468 1450 XIV.
482 1416 501 1447 et
510 1408 568 1458 priori
576 1409 655 1449 dimidio

58 1470 115 1510 seculi
124 1470 168 1511 XV,
182 1468 345 1520 Constantinopoli
358 1476 419 1507 autem
433 1482 480 1522 1453
491 1482 501 1508 a
513 1469 583 1509 Turris
597 1473 658 1522 erpu-{

59 1540 124 1585 gnata,
140 1531 208 1583 Graeci
218 1532 300 1581 quidam,
313 1528 331 1568 iu
346 1531 416 1569 Italiam
428 1530 505 1582 profugi
519 1537 538 1569 et
551 1529 657 1585 principum

60 1590 195 1633 nonnullorum
203 1593 268 1631 fauore
278 1590 343 1640 adimi,
351 1590 473 1630 restituendae
479 1591 587 1630 eruditionis
592 1592 610 1630 iu
617 1592 658 1642 qui-

59 1654 139 1694 busdam
156 1652 264 1706 regionibus
279 1652 334 1704 primi
349 1652 426 1691 fuerunt
443 1660 524 1692 autores.
563 1653 657 1692 Tristibus

61 1716 92 1756 his
102 1714 219 1766 temporibus
228 1711 334 1767 Porrtificz's
343 1711 430 1754 Romani
439 1721 458 1752 et
467 1713 525 1753 totius
539 1714 583 1752 cleri
592 1719 658 1765 potens

60 1776 87 1815 tia
101 1776 120 1814 iu
133 1775 243 1813 immensum
259 1775 329 1825 creuit3
351 1786 430 1824 quorum
443 1786 486 1813 cum
499 1773 603 1823 interesset,
619 1774 657 1813 aui·

59 1843 104 1876 ,mos
117 1835 215 1874 homiuum
228 1835 355 1886 superstitione
369 1834 442 1885 impleri
457 1842 476 1872 et
487 1835 506 1873 in
521 1834 575 1873 crassa
589 1835 658 1876 uersari

61 1897 175 1950 ignorantia:
193 1897 247 1936 facile
256 1896 353 1935 diiudicari
363 1894 433 1946 potest,
449 1902 561 1947 quantopere
573 1894 658 1937 dooriua

62 1957 157 2011 refigionis
166 1957 233 1997 abillis
242 1958 262 1997 so
275 1957 399 1996 obscuraret
413 1956 521 1999 deformata,
552 1955 574 1994 Iu
585 1955 606 1994 id
619 1963 660 1997 tau-

64 2026 104 2059 tum
113 2019 179 2059 intenti
191 2027 242 2059 eraut
256 2019 354 2060 Pontifices
368 2017 460 2064 Romani,
480 2024 503 2058 vt
516 2029 554 2065 uon
568 2018 629 2057 solum
639 2018 660 2058 iu

65 2089 127 2122 totum
137 2082 222 2122 ordinem
230 2081 376 2129 eccreuasticum,
389 2082 420 2121 sed
428 2080 482 2120 etiam
490 2080 509 2119 iu
517 2080 660 2133 Imperatorem,

65 2156 131 2185 omues
145 2156 199 2197 reges
216 2152 235 2186 et
257 2144 349 2199 principes
366 2143 510 2185 dominarentur.
547 2143 660 2185 Potestatem

68 2208 127 2254 hauc,
142 2218 197 2257 quam
206 2206 321 2254 afleitabaut,
334 2207 357 2247 ad
367 2209 439 2247 culmen
447 2205 495 2257 quasi
506 2205 595 2258 perduxit
603 2218 660 2246 uur-

69 2281 164 2316 uourvs
174 2269 219 2316 Vn.
230 2279 283 2314 antea
292 2269 349 2313 diuus
359 2279 570 2331 unumunurm,
583 2267 614 2319 qui
623 2267 661 2305 Im.

19 2337 25 2341 '
390 2331 407 2371 G
607 2340 662 2384 pera·¹
