1702 2774
80 145 118 180 DE
137 144 251 182 RERVM
269 143 401 184 OMNIVM
417 140 619 180 CREATIONE.
638 142 676 191 137

63 278 65 280 ,
80 254 121 281 care
133 242 232 288 videntur,
249 247 333 281 naturam
346 242 453 295 angelorum
467 254 505 283 non
518 239 579 283 omnis
591 239 676 292 corporis

80 303 115 343 else
125 311 220 354 expertem
232 302 301 347 Matala.
314 311 380 353 ΧΧΠ,
395 317 426 359 30.
444 305 506 345 Lucae
518 314 567 351 χχ,
582 304 622 361 36,
638 314 676 353 quo

79 365 135 409 etiam
144 365 238 414 referunt,
255 367 305 417 quod
313 365 386 416 linguae
395 368 502 417 angelorum
512 367 598 406 meminit
607 366 675 406 Paulus

78 439 86 467 1
97 427 141 468 Cor·
150 427 202 476 XIil,
217 442 231 468 1.
242 437 260 468 et
268 428 318 478 quod
329 426 417 478 Stephani
429 426 485 466 iacies
494 435 578 478 tanquam
591 424 676 481 angelica

79 489 188 531 describitur
198 489 276 535 AEWI,
292 503 320 544 15:
334 487 401 539 partim
409 487 496 529 adhibent
504 490 583 530 rationes
592 491 675 542 philoso-

78 552 143 603 phicas
153 553 176 591 ad
185 552 292 591 sententiam
306 551 356 589 satam
370 550 492 603 probandam.
525 550 564 589 Nisi
577 552 624 593 enim
642 565 675 593 an·

77 613 115 665 geli
128 626 209 664 corpore
222 613 303 662 quodam
317 611 373 653 effert
387 612 475 665 praediti,
499 612 614 661 existimant,
633 614 674 653 ficri

76 686 116 713 non
125 673 187 727 posse,
201 681 222 715 vt
231 688 260 715 res
269 674 323 715 huius
332 675 397 716 mundi
405 675 518 728 percipiant,
533 683 565 715 aut
574 675 613 715 vim
622 676 673 716 suam

77 735 98 775 in
109 737 198 787 quaedam
209 739 290 778 exserant
300 750 385 789 corpora.
413 738 490 778 Addunt
500 738 590 789 denique,
602 739 673 790 pleros·

77 810 114 848 que
130 799 213 840 ccciefiae
227 808 287 851 patres
301 799 384 837 eiusdem
396 798 449 838 fnisse
463 799 569 851 opinionis,
589 799 674 851 inprimis

76 860 109 908 qui
118 860 199 900 Platonis
206 860 229 899 de
240 859 300 914 geniis
314 857 381 912 placita
395 861 417 900 ad
431 848 673 914 angeros'accommodaue-

10 919 12 922 ’
75 920 119 964 rint.
151 923 248 978 Quaedam
257 935 281 961 ex
291 921 321 962 his
330 922 445 969 rationibus,
462 923 544 963 maxime
559 921 674 974 philosophi-

75 995 119 1031 cae,
134 997 180 1032 quae
190 997 224 1037 pro
234 984 331 1036 posteriori
339 984 428 1024 sententia
438 985 566 1032 adducuntur,
582 997 624 1023 eam
634 984 673 1022 val-

75 1044 102 1082 de'
108 1046 188 1085 reddunt
196 1046 322 1098 probabilem3
338 1058 375 1095 quo
384 1045 453 1086 facium
465 1046 500 1095 est,
520 1054 541 1086 vt
552 1045 606 1085 multi
619 1059 629 1086 c
644 1057 673 1087 re·

65 1106 190 1146 *centiorihus
200 1107 295 1159 theologis
305 1120 345 1145 eam
354 1107 407 1146 alteri
418 1108 537 1157 praeferrent.

105 1167 191 1220 Longam
201 1168 223 1206 de
232 1168 266 1207 hac
275 1167 381 1216 quaestione
389 1167 466 1207 institnit
472 1167 635 1219 disputationemo
641 1180 672 1209 nu

133 1229 153 1269 in
166 1226 314 1273 Commentario
325 1225 348 1271 de
358 1226 436 1287 erigelis
444 1228 490 1273 nn.
502 1230 535 1270 [u.
550 1242 589 1280 cap.
603 1242 615 1270 r,
630 1241 673 1268 cum

138 1304 176 1343 quo
186 1292 322 1344 coniungantur
335 1303 515 1332 eunwonrnvs
529 1291 549 1330 in
563 1289 673 1346 Spsternete

135 1350 263 1395 intelleliuali
272 1366 311 1404 cap.
321 1353 345 1394 V.
354 1351 396 1393 sen.
407 1352 440 1394 lli.
450 1353 469 1409 ᾗ,
477 1356 550 1403 16·40.
560 1361 579 1392 ct
588 1365 673 1392 eorra

134 1415 154 1455 in
162 1412 246 1470 Differat.
258 1413 326 1462 priori
335 1410 359 1454 ele
368 1411 446 1472 angelis
454 1428 472 1466 p.
482 1416 515 1456 26,
521 1415 572 1464 seqq.
603 1415 632 1454 Ex
644 1413 673 1452 in-

136 1475 201 1516 stituto
214 1488 294 1528 corpora
304 1477 413 1528 angelorum
426 1476 518 1517 adsertam
531 1475 606 1515 inerunt
621 1487 672 1516 rora.

135 1550 236 1579 enarer.
253 1549 375 1577 ronnsrvs
390 1536 408 1575 in
422 1537 499 1581 Differt.
515 1538 538 1576 de
551 1533 673 1595 arigelerrem

134 1595 257 1656 cerporibus.
282 1598 388 1650 Duisburgi
408 1611 468 1654 1719,
490 1600 554 1638 recusa
574 1596 672 1637 Vltraiedi

134 1673 190 1716 1723.
209 1668 229 1701 ct
249 1660 318 1700 iterum
338 1671 394 1715 1737.
438 1673 511 1704 arax.
534 1672 671 1701 norrrrna

132 1734 316 1763 nnvmonurnn
334 1721 353 1759 in
368 1717 501 1776 disparitatione
523 1718 547 1763 de
566 1720 672 1775 existentia

132 1796 240 1841 corporum
249 1780 393 1842 angelicorum.
415 1783 531 1822 Francofurti
544 1784 567 1822 ad
578 1782 670 1822 Viadrum

131 1858 190 1899 1741.
200 1853 218 1886 et
231 1857 325 1884 aericus
345 1856 457 1884 rnussnn
468 1844 487 1883 in
500 1844 577 1890 libello,
598 1843 630 1894 qui
642 1843 671 1882 in·

135 1907 232 1949 scribiturx
250 1904 343 1961 Corpora
351 1902 469 1963 artgeloeiun
478 1903 575 1947 aenaeae
582 1914 627 1950 XX,
635 1917 671 1956 27·

134 1982 167 2025 39.
176 1982 231 2012 mero
241 1967 263 2010 in
270 1964 302 2009 alie
311 1965 413 2013 collocare,
424 1976 532 2024 coeteraque
541 1965 634 2008 eirea-ura
643 1979 673 2007 ce·

134 2026 299 2075 liberandam,
317 2027 374 2077 Viti,
389 2026 509 2075 Medendi,
527 2024 588 2082 Oiai,
612 2041 673 2085 oppu-

133 2092 241 2151 gnationes
254 2088 277 2133 de
289 2088 340 2146 ense,
364 2091 425 2143 Lugd.
439 2091 480 2132 Bat.
496 2092 557 2146 1767.
598 2090 673 2137 Dubia,

135 2165 182 2203 quae
198 2161 263 2193 contra
278 2152 373 2192 Loersrum
388 2151 465 2204 protulit
482 2164 565 2193 serere.
588 2164 671 2199 vrrvs,

135 2214 205 2254 exstant
216 2215 235 2253 in
247 2210 382 2256 Bibliothecae
395 2208 497 2268 Brerrrerqfi
508 2212 537 2253 CI,
550 2213 583 2255 VI.
596 2227 614 2265 p.
623 2219 671 2264 418.

132 2278 182 2327 seqq.
204 2288 354 2318 mosaenrrus
374 2274 393 2314 in
411 2273 465 2317 raetis
482 2270 511 2318 ad
526 2271 672 2317 Cedendum

385 2337 421 2393 15
653 2342 672 2374 et
