1702 2774
87 110 124 145 DE
142 107 255 146 RERVM
273 102 403 146 OMiliVM
427 103 682 152 uREnTIONE.³127

85 221 137 249 mum
149 207 208 247 totam
221 204 272 254 aquis
285 204 337 245 fuifi'e
351 205 481 245 circurnfusam
495 215 514 245 et
530 202 608 251 deiude,
630 201 682 252 aquis

84 272 153 322 partim
162 266 263 318 vaporibus
271 267 290 307 in
300 270 357 307 altum
366 266 452 317 eleuatis,
468 267 534 318 partim
545 274 599 305 certa·
608 264 627 303 in
641 267 682 304 loca

85 327 214 382 congregatis,
234 330 261 368 ad>
269 329 405 370 habitationem
419 334 438 365 et
450 323 591 368 nutrimentum
600 326 682 367 animan-

84 392 131 432 tium
140 399 159 430 et
168 389 266 432 hominum
276 397 338 442 aptam
346 387 399 428 fuisse
409 386 482 428 saltam.

114 472 159 512 vid,
177 483 197 515 G.
214 483 234 512 o.
250 481 388 509 caraurrrr
404 465 530 525 Protagora,
548 482 558 507 a
575 482 680 513 crrarsr.

140 530 334 575 massmanno
344 529 393 569 edita
401 528 501 582 Gottingae
515 536 603 584 17494'
628 531 680 572 Corr-

133 596 228 649 'ferantur'
236 591 293 633 etiarn
306 587 456 646 Observationes
463 587 603 650 gerremliorer
614 592 636 633 in
650 591 680 635 ti-

64 677 66 681 ·
135 653 222 710 starium
230 650 500 713 creaueritetplailologicae
508 652 628 710 imprimam
637 655 679 698 eius

135 712 269 776 particulam.
283 717 343 757 Halae
352 729 412 769 1770.
422 729 443 766 4.

306 796 326 852 a.
356 796 456 837 cantu.

141 878 254 919 Accedimus
261 877 299 918 iam
306 879 329 918 ad
338 891 394 932 opera
400 877 512 930 fingulurum
522 876 600 921 dierum
632 880 679 919 Pro-

79 939 122 980 tulit
130 942 182 981 Deus
185 940 255 997 priano
264 937 295 982 die
304 943 364 980 lucem
378 942 426 982 Gen.
440 940 455 986 l,
464 953 510 994 3-5,
525 940 538 981 i.
548 953 565 982 e.
580 942 678 981 materiam

78 1001 131 1055 lucis,
152 1016 176 1042 ex
186 1016 221 1053 qua
230 1015 308 1054 corpora
322 1003 370 1042 coeli
382 1002 443 1040 lucida
456 1001 547 1054 originem
561 1003 641 1048 ducunt,
657 1004 677 1042 in

79 1072 129 1105 certa
137 1064 229 1106 distribuit
239 1061 293 1111 loca;
302 1059 392 1121 secando
402 1058 433 1104 die
443 1064 460 1115 r)
470 1063 676 1117 constituitexpanlitm,

78 1128 129 1176 quod
151 1127 233 1165 maxime
255 1125 413 1176 atmot'phaeram
441 1131 509 1163 terram
523 1125 677 1173 circumdantem,

77 1185 146 1227 indicat
155 1195 173 1225 et
186 1185 280 1225 interdum
291 1187 347 1225 etiarn
356 1184 433 1225 ulterius
442 1184 490 1223 coeli
502 1185 588 1237 spatium,
602 1187 677 1227 aethere

76 1248 214 1300 repletum,sub
224 1249 241 1286 se
252 1248 409 1299 comprehendere
420 1246 500 1290 videtur.
517 1248 537 1297 a)
544 1249 588 1288 Hoc
596 1250 676 1301 expanso

77 1309 171 1349 tirtinttae
181 1311 222 1349 sunt
231 1321 288 1359 aquae
298 1310 413 1362 superiores,
428 1308 464 1347 siue
475 1307 555 1349 nubibus
568 1319 675 1360 contentae,

75 1371 204 1418 rounam,
221 1379 241 1415 a.
259 1371 286 1413 rs.
303 1376 407 1417 extum,
423 1383 444 1424 4·
462 1369 497 1412 lert
507 1382 536 1421 x,
551 1384 581 1420 13.
596 1373 676 1413 abint-

76 1434 169 1480 rioribus,
182 1433 201 1473 in
213 1432 297 1485 pluribus
307 1438 366 1470 terrae
375 1431 422 1471 locis
431 1431 539 1479 colleriisv.
549 1435 562 1474 6
566 1442 600 1487 ·8;
614 1436 675 1478 tertio

75 1491 114 1542 die,
124 1495 142 1552 1)
152 1506 219 1536 terram
228 1494 292 1534 ficcam
302 1492 406 1544 l'eparauita
415 1494 462 1533 mari
470 1508 490 1535 u.
499 1512 518 1551 9.
527 1510 560 1537 10.
574 1498 596 1551 a)
605 1499 675 1549 plantas

76 1564 95 1596 et
107 1558 183 1596 arbores
196 1570 206 1595 e
219 1565 267 1595 terra
282 1555 358 1608 prodire
374 1554 421 1595 iutlit
431 1570 450 1595 v.
466 1569 493 1596 rr·
502 1570 540 1609 r3;
554 1568 628 1616 patareo
640 1557 673 1602 die

73 1617 146 1666 effecit,
159 1626 180 1658 vt
192 1618 319 1667 sol-interdiu,
332 1618 375 1655 luna
383 1625 402 1656 et
416 1618 486 1667 reliqua
499 1619 547 1658 coeli
564 1620 609 1661 astra
619 1621 674 1662 notre

74 1683 124 1721 claro
134 1672 251 1734 splenderent
264 1679 334 1720 lumine
344 1692 363 1718 v.
374 1691 438 1733 1449.
456 1681 525 1721 Eadem
535 1681 585 1722 enim
593 1683 673 1734 ratione,

75 1755 110 1793 qua
124 1751 172 1783 terra
184 1742 240 1782 euasit
253 1742 333 1786 cultior,
354 1740 410 1779 etiam
423 1741 491 1780 horum
509 1743 561 1782 coeli·
571 1758 673 1797 corporum

73 1804 124 1844 nitor
134 1805 160 1844 est
168 1803 241 1851 mittum
259 1803 329 1861 paritate
344 1798 376 1843 dle
385 1803 489 1854 procreauit
503 1806 559 1855 pisces
569 1815 588 1845 et
597 1820 639 1846 aues
652 1823 673 1854 v.

70 1879 143 1915 20·23
154 1874 173 1905 et
176 1864 236 1922 sexto
245 1861 277 1907 die
288 1875 346 1905 terrae
356 1864 440 1904 animalia
448 1864 503 1906 bruta
510 1873 529 1906 et
539 1865 623 1907 homines
633 1869 674 1910 for.

70 1929 132 1968 enauit
140 1942 203 1983 urn-
208 1940 242 1981 31,
259 1925 347 1983 Septimo
356 1922 387 1967 die
397 1926 467 1976 quieuit
472 1929 494 1966 ab
503 1929 555 1968 omni
560 1942 617 1982 opere
622 1934 674 1978 Gen.

71 1990 102 2035 ll,
122 2002 141 2032 2.
158 2002 178 2038 3.
194 1990 207 2034 i.
217 2003 234 2032 e.
248 1988 322 2028 cessauit
331 2000 341 2026 a
350 1988 404 2027 nouis
417 1988 473 2028 rebus
482 1992 611 2042 procreandis,
627 2007 673 2034 eun·

71 2052 117 2090 dem
131 2052 180 2091 diem
193 2050 310 2092 landrificauit
322 2049 362 2093 ie.
372 2046 404 2089 'sui
415 2051 473 2091 cultui
485 2052 533 2092 inter
542 2054 632 2095 israelitas
640 2058 672 2096 de-

74 2113 153 2156 stinauit.
184 2113 266 2165 Respicit
279 2112 328 2152 enim
345 2111 410 2151 Moses
419 2113 441 2152 ad
455 2109 573 2167 praeceptum
583 2115 673 2160 vIsraelitis

70 2176 137 2215 datum
144 2175 168 2214 de
177 2173 213 2214 hoc
222 2175 252 2215 die
262 2174 379 2215 inhonorem
389 2174 427 2215 Dei
438 2175 548 2218 celebrando
558 2179 619 2220 Exodi
627 2189 670 2235 xx,

73 2243 144 2286 8-11„

615 2303 670 2357 Diui7
