1702 2774
78 124 117 162 on
136 118 320 161 nesterone
338 100 681 175 aurrqussru'aetcop

79 223 160 275 quodam
174 220 222 258 male
236 217 325 270 mulcato,
339 217 452 257 succurrerat
466 225 485 257 et
499 214 614 270 Aegyptium
627 214 681 259 illum

50 288 52 290 ’
78 284 210 327 interfecerat,
225 279 280 331 caede
291 278 325 318 hac
333 278 439 330 diuulgata,
453 280 498 331 fuga
510 279 543 319 nbi
557 277 650 318 consuluit
662 287 682 318 et

77 347 97 385 in
111 340 250 385 Midianitidern
264 341 287 379 ad
301 341 413 392 negarem,
437 342 549 392 cognomine
563 340 680 387 ternionem,

76 405 129 446 istius
137 402 219 457 regionis
231 403 357 447 sacerdotem,
373 402 391 439 se
403 402 482 440 contulit
490 412 508 441 et
517 417 555 443 non
564 405 625 444 multo
638 402 680 456 post

78 464 183 507 einsfiliam
193 464 296 517 Zipporam
306 462 360 502 duxit
368 462 386 501 in
396 462 543 507 matrimonium.
573 466 612 507 Hic
620 465 639 506 in
648 478 681 519 pa.

78 528 147 568 scendo
156 529 222 567 ouium
230 535 286 578 grege
295 526 318 564 ad
327 533 411 563 montem
421 523 489 568 Horeb
499 524 546 564 vidit
559 527 635 568 dumum
650 541 680 569 ar·

78 589 153 629 dentem
162 601 214 627 neca
223 590 297 626 flamma
309 585 426 632 absumtum‚
443 598 453 625 e
468 598 505 636 quo
518 598 586 627 vorem
598 588 636 629 Dei
647 603 680 631 au.

78 651 125 691 diuit
143 648 176 688 ubi
197 648 316 700 imperantis,
333 655 355 688 ut
369 649 388 689 in
402 649 510 704 Aegyptum
524 649 572 696 iret,
589 654 680 703 populum

78 711 200 754 Israeliticnm
209 711 228 750 in
237 709 343 751 libertatem
352 710 455 751 vindicaret
464 711 510 750 etin
519 719 588 751 terram
597 712 636 753 eius
642 726 680 755 ma.

77 773 150 815 ioribus
160 773 265 828 promiffam
276 774 360 815 duceret.
391 772 444 813 Huic
454 773 542 812 mandato
550 774 588 813 Dei
598 774 639 826 post
648 777 680 817 ali.

80 844 126 888 quot
138 834 299 889 tergiuersationes
312 834 418 887 obsecutus,
431 835 502 888 magnis
512 835 602 888 prodigiis
615 850 681 878 coram

78 898 133 952 Rege
141 897 223 951 Aegypti
232 896 326 938 Pharaone
336 895 414 949 peractis
423 903 442 936 ct
449 897 547 950 Aegyptiis
562 898 628 937 decem
641 911 682 938 ma.

79 957 141 1000 lorum
154 958 253 1013 generibus
265 958 348 1006 affertis,
364 958 440 999 tandem
456 962 546 1011 poputum
560 959 682 1002 israeliticum

80 1034 106 1063 ex
115 1023 201 1075 Aegypto
209 1034 242 1074 per
251 1033 302 1060 mare
311 1020 389 1060 rubrum
399 1021 442 1069 flue,
449 1029 471 1060 vt
481 1021 555 1070 qnidam
567 1020 681 1071 existimant,

18 1101 22 1107 ¹
81 1098 115 1138 per
122 1086 183 1124 lacum
191 1083 295 1123 Sirbonidis
305 1082 370 1121 eduxit
378 1082 397 1121 in
406 1081 487 1121 Arabiae
496 1083 598 1132 desertum,
614 1083 647 1125 ubi
657 1086 681 1125 ad

81 1152 166 1185 montem
174 1144 225 1184 Sinai
233 1156 276 1182 curn
284 1143 321 1182 hoc
331 1144 402 1194 populo
410 1143 462 1183 Deus
467 1143 534 1182 foedus
542 1145 638 1185 constituit
646 1143 684 1188 ilu-

82 1219 118 1258 que
130 1218 163 1258 per
172 1206 240 1245 Mosen
251 1204 311 1243 uarias
322 1203 374 1243 dedit
383 1205 440 1257 leges.
472 1204 555 1245 Praetuit
567 1205 610 1245 huic
623 1220 685 1260 popu·

82 1272 111 1314 lo,
125 1280 157 1319 per
168 1265 287 1318 qnadraginta
297 1278 355 1305 annos
363 1265 383 1304 in
393 1266 465 1304 deserto
474 1269 606 1313 commoranti,
618 1269 685 1310 utores

83 1342 142 1380 vsquc
154 1329 176 1366 ari
185 1336 266 1367 mortem
277 1328 353 1377 eiusque
363 1327 469 1372 commodis
478 1328 529 1366 omni
538 1331 634 1381 prospexit
643 1344 685 1390 qno·

29 1428 32 1431 .
83 1392 116 1434 do.
146 1389 244 1428 Maximus
254 1390 323 1429 veteris
332 1389 373 1427 aetii
384 1389 420 1428 fnit
434 1389 539 1440 Propheta,
560 1392 653 1443 legislator
666 1401 686 1434 et

85 1451 147 1492 fertur
164 1450 296 1491 Hebraeorum
321 1450 464 1496 celeberrimus,
489 1451 541 1490 cuius
565 1452 687 1496 autoritatem

85 1514 138 1554 Deus
146 1512 252 1564 ingentibus
261 1509 350 1551 stabiliuit
359 1512 452 1551 miraculis
463 1519 482 1551 et
495 1525 550 1562 quem
562 1513 625 1554 virum
637 1517 687 1557 sunt·

56 1595 58 1598 ·
86 1588 139 1616 anum
148 1574 199 1613 fuisse
210 1574 284 1623 quidam
294 1573 392 1626 scriptores
402 1574 480 1627 gentiles
492 1587 530 1613 non
541 1575 650 1621 diffitentur,

119 1673 250 1733 Legationern
260 1670 324 1731 Mofh
333 1668 426 1714 diuinam
439 1673 523 1727 singruari
537 1676 596 1716 modo
611 1678 689 1718 demon.

148 1737 224 1774 stratum
233 1735 267 1774 iuit
276 1746 469 1777 WARBVRTONVS
482 1735 500 1773 in
514 1736 564 1775 libro
576 1739 598 1777 de
610 1738 647 1777 hoc
658 1752 688 1780 ar·

149 1804 245 1850 gumento,
277 1793 441 1852 Deffrrrreril'efir
450 1792 506 1852 aquid
514 1808 595 1841 exteros
603 1800 640 1840 nid.
649 1813 689 1841 PE-

149 1872 211 1899 cnvs
231 1869 287 1898 nnn.
311 1870 422 1898 HVETIVS
434 1857 453 1896 in
466 1855 583 1913 Dernonstr,
597 1859 690 1920 errnngel.

151 1921 173 1964 P.
185 1927 200 1964 Ι.
209 1932 263 1972 prop.
273 1919 307 1958 lV.
317 1932 357 1970 cap.
367 1931 385 1958 c.
395 1931 437 1971 pag.
444 1931 478 1973 72.
490 1921 539 1970 seqq
549 1928 567 1961 et
575 1934 697 1974 aronens-

151 1982 172 2022 in
181 1979 234 2036 Hist.
244 1977 290 2025 eccl.
297 1979 326 2022 V,
335 1978 360 2022 T.
368 1981 394 2023 T.
402 1986 416 2024 Ι.
426 1989 553 2038 unte-795·
567 1983 624 2027 Confi
635 1985 692 2027 etiam

152 2056 211 2086 nnc.
227 2055 303 2082 annii
316 2055 370 2084 LVD.
387 2041 693 2098 cansarusDr‘ffert.derrro·

154 2113 298 2146 marrucinorum
311 2100 443 2145 Iudaicorum
455 2116 482 2145 ex
489 2100 627 2160 scriptoribus
639 2118 694 2149 erre·

155 2164 186 2206 ris
200 2165 300 2222 ararique,
317 2178 362 2208 curn
373 2166 464 2223 graecis,
485 2175 529 2209 tuna
543 2164 626 2217 latinis,
639 2183 649 2211 c
661 2167 694 2211 lle·

158 2222 230 2271 rtioaa
245 2227 426 2283 Hanouerae1747.
436 2242 458 2279 4.

372 2307 419 2350 Ea
553 2306 571 2367 p.
585 2280 694 2354 nxnntv.
