1702 2774
159 166 192 220 33
357 165 488 235 caeru
507 170 534 209 r.

218 263 309 326 finiente
319 260 356 305 der
364 261 451 321 Apostel
462 262 506 308 und
517 265 539 307 in
553 260 617 307 ilereu'
626 258 711 323 Briefhn
724 275 767 309 ent·
796 310 800 315 ,

226 324 324 384 haltcrzist
333 332 368 370 etc.
384 327 444 369 Halae
453 332 510 387 1768.
521 338 534 370 c
546 326 632 368 Partibus
647 338 668 379 4.
683 335 703 370 et
713 340 768 373 ron.
827 381 828 384 Ἰ

225 407 275 438 1nc.
288 404 346 433 nass
358 387 472 448 Gesche'clete
480 388 523 434 erud
529 388 632 448 Scluffteu
642 388 770 451 derApostel

226 451 278 509 Iffit.
292 453 363 508 Tiguri
369 455 546 513 17752Pattibus3.
586 454 588 457 ’
606 453 720 495 Cuiusmodi
728 457 771 496 sue.

225 516 379 573 tintprophetoe
392 518 431 556 eius
440 517 541 569 temporis,
558 516 636 571 exponit
646 529 697 557 rou.
711 530 771 557 cuv·
818 525 821 529 ’

226 590 343 619 nenrrvs
355 590 502 618 mosnnmrvs
515 578 535 617 in
550 575 634 633 Differat.
646 573 669 618 de
680 575 770 633 prophe-
836 579 838 582 ’

228 638 257 681 tis
273 635 361 692 ecclestae
373 635 501 689 apostolieae,
526 652 580 687 quae-
590 638 646 677 etiam
664 638 690 676 est
703 638 772 677 inserta
827 644 830 649 '

227 697 329 737 Volumlni
344 695 363 733 ll
376 693 547 751 Dzffirtotiooum
560 697 600 737 eius
614 694 643 739 acl
654 695 770 755 sustollam

211 813 213 816 ¹
228 752 377 821 eecleflusticam
381 757 528 817 pertinentium
539 773 558 816 p.
567 772 606 815 125.
619 761 670 813 seqq.

427 842 446 899 q.
479 843 513 886 cr.

180 928 182 933 “
233 923 289 964 Varii
294 922 441 964 Christianorum
450 930 522 969 coetus,
531 924 551 963 in
560 922 634 962 diuersis
642 923 775 977 locisabApo·

173 983 225 1026 stolis
234 983 310 1025 colledi
320 996 423 1032 eorumque
428 984 516 1035 regimini
525 991 617 1034 parentes,
625 983 704 1024 iunltim
711 986 775 1035 sumti,

174 1045 310 1085 constituerunt
319 1041 419 1099 ecclestmn
431 1041 571 1099 apstolicam,
587 1056 645 1092 qnae,
660 1044 697 1082 srue
706 1045 776 1095 purita-

174 1113 215 1146 tem
228 1104 336 1153 codrinae,
352 1104 389 1143 fine
402 1104 451 1145 vitae
463 1102 587 1153 sanititatem,
605 1104 642 1144 srue
655 1104 776 1146 constantiam

172 1168 194 1212 in
209 1167 383 1223 persecutionibus,
404 1168 441 1209 sruc
459 1168 539 1221 denique
554 1170 614 1210 cultus
631 1167 690 1209 diuini
700 1169 776 1224 publici

174 1232 312 1286 srmplicitatem
320 1232 401 1284 spernes,
420 1232 441 1271 in
453 1232 545 1285 plerisque
557 1231 616 1271 cuiuis
629 1233 713 1272 ecciesiae
728 1233 777 1273 chti-

175 1294 244 1349 ilianae
253 1293 313 1347 Potest
321 1289 358 1333 effe
369 1297 463 1344 exemplo.
492 1295 537 1332 Non
548 1301 609 1339 tamen
622 1294 642 1333 in
655 1294 743 1334 omnibus
755 1308 778 1335 ea

176 1355 271 1406 gaudebat
281 1353 407 1406 perstilione,
424 1361 446 1393 vt
455 1353 500 1393 nihil
509 1356 562 1405 plane
572 1354 591 1392 in
599 1354 630 1392 illa
639 1354 779 1400 defiderarctnn

176 1415 264 1466 Apostoli
276 1415 338 1459 enim,
358 1426 401 1452 cum
415 1414 471 1465 primi
488 1413 579 1453 christiani
592 1414 659 1465 partim
673 1428 683 1452 e
697 1415 778 1461 Indaeis,

176 1475 246 1527 partim
255 1488 265 1513 e
274 1474 373 1527 gentilibus
379 1481 442 1513 ortum
450 1476 502 1513 snum
513 1475 602 1513 ducerent
610 1481 673 1513 ettam
683 1474 712 1521 hi,
722 1488 779 1524 quam

177 1535 217 1585 illi,
238 1535 301 1576 multis
320 1534 458 1588 praeconceptis
476 1534 596 1588 opinionibus
611 1532 778 1583 haudlaudandis,

180 1611 226 1651 quas
235 1612 301 1640 omnes
311 1611 349 1639 non
356 1598 416 1640 statim
423 1598 550 1652 deposuerant,
566 1598 623 1639 essent
633 1597 708 1647 imbuti,
722 1613 779 1651 quan-

181 1670 223 1702 tum
233 1663 274 1702 fieri
284 1669 369 1715 poterat,
384 1675 450 1702 eorum
458 1662 579 1714 indulgebant
587 1661 689 1702 infirmitati
697 1671 716 1702 et
724 1676 780 1713 quae·
803 1671 805 1673 ’

180 1723 224 1763 dam
233 1726 264 1763 vel
274 1724 311 1763 illis
321 1724 462 1775 permittebant,
475 1727 506 1763 vel
517 1737 555 1763 non
566 1723 665 1770 curabant,
681 1737 727 1774 quae
740 1727 782 1768 suco

179 1786 259 1826 cedente
267 1792 353 1835 tempore
367 1784 424 1824 essent
435 1785 548 1837 abroganda.
582 1786 649 1834 Neque
663 1786 735 1836 semper
748 1800 780 1826 co·

178 1845 210 1896 pia
218 1853 258 1885 erat
268 1845 374 1892 doslorum
381 1846 443 1884 debita
451 1845 526 1884 scientia
534 1841 671 1896 praeditorum3
686 1847 781 1895 quiamul·

117 1924 120 1929 ’
179 1905 204 1944 tis
212 1907 274 1945 deerat
283 1905 392 1956 diligentior
400 1905 498 1951 institutio,
512 1919 548 1954 qua
557 1906 580 1944 ad
590 1918 658 1944 munus
668 1907 722 1944 suum
730 1905 780 1945 reite

180 1968 340 2017 praepararentur.
371 1966 410 2004 lam
420 1964 475 2004 ctiam
484 1973 523 2004 tum
532 1967 621 2017 pullulare
630 1972 733 2016 coeperunt
742 1979 781 2005 ma·

180 2028 200 2068 la
213 2030 312 2080 quaedam,
328 2041 374 2081 quae
389 2026 462 2083 postea,
482 2041 525 2070 cum
538 2027 609 2071 maiora
622 2027 709 2083 cepissent
721 2028 781 2071 incre·

181 2099 258 2141 menta,
273 2094 366 2135 ecclesiam
375 2094 430 2135 valde
439 2092 551 2138 afflirerunt.

212 2172 257 2215 Vid.
270 2188 321 2216 ron.
336 2187 431 2216 cnunc.
452 2187 552 2214 erronee
565 2169 655 2232 Eccleſsa
667 2172 782 2231 apuleium

243 2235 298 2275 lenae
307 2246 364 2286 1729.
372 2245 391 2286 8.
453 2236 517 2290 Quam
530 2247 595 2287 parum
609 2235 714 2286 primorum
727 2235 783 2274 Chri-

242 2295 345 2344 stianorum
360 2296 445 2339 doltores
462 2296 532 2337 litteras
552 2297 679 2345 excoluerint,
703 2295 783 2335 ostendit

712 2369 782 2397 cnut·
