1702 2774
157 91 213 155 'DE
233 88 422 128 SCRIPTVRA
441 90 556 128 SACRA.
625 91 663 141 ’43

18 213 20 216 f
65 185 198 234 na'reuelatio‚
214 194 269 233 quam
280 182 409 237 quodpertione
418 187 465 226 rlnce
474 189 509 227 iam
520 187 662 243 intelligeretur,

65 252 89 291 iie
101 255 186 292 tantum,
204 245 340 295 quitationem
356 257 420 296 parum
433 256 521 289 exercent
535 260 554 287 et
567 251 663 305 religionis

14 341 19 344 -
67 309 153 350 naturalis
163 308 251 347 nonsatis
264 308 366 359 agnoscunt
376 307 503 360 autoritatem,
522 311 573 350 toret
586 313 665 352 nocella-

66 372 105 420 ria,
122 383 160 410 non
170 363 290 415 autemillis,
306 368 366 417 quiin
376 375 450 407 naturae
462 369 561 419 interiora,
575 380 666 423 qnantum

56 476 57 479 Ἴ
67 434 108 473 fieri
116 433 182 486 potest,
193 443 288 484 penetrare
297 437 316 469 et
325 442 401 469 ornnem
410 430 515 471 officiorum
523 436 599 475 suorum
607 434 667 474 ambi·

68 496 108 536 trlrn
116 494 193 547 proprio
201 493 278 546 ingenio
288 490 384 541 exquirere
394 491 472 532 student.
501 496 526 549 3)
536 496 592 537 Certa
604 497 668 548 reqni·

68 566 135 598 runtur
144 556 224 604 indicia,
238 552 336 605 exquibus
345 561 412 606 pateat,
427 554 492 596 Deum
501 569 521 595 re
534 569 578 597 vera
586 559 668 600 eiusmo-

67 620 89 660 vdi
103 618 237 660 reuelationem
250 630 293 658 eum
306 615 415 657 hominihus
428 618 582 667 comrnuniealse;
600 622 668 671 quibus

70 681 145 733 quidem
156 688 174 721 et
182 679 219 720 hoe
235 680 261 720 est
271 681 439 728 adnumerandum,
460 682 511 730 qnod
522 682 585 723 omnia
601 683 620 722 in
633 683 668 723 hae

66 746 183 785 ›reuelatione
193 745 238 783 Deo
247 743 280 781 fint
289 742 353 794 digna:
370 743 467 794 praecipue
475 751 537 783 tamen
545 744 593 784 ratio
600 745 669 785 haben-

18 806 20 811 ’
70 799 94 851 ila
105 806 131 846 est
140 818 213 853 eorum,
228 817 273 856 quae
283 812 334 845 extra
343 804 419 843 dubium
429 813 505 856 ponant,
518 819 556 845 non
566 807 598 846 nisi
607 821 617 847 a
625 808 668 847 Deo

72 868 163 922 originem
173 866 252 912 traxisse,
272 879 317 917 quae
326 866 381 905 nobis
389 866 476 907 reuelasl'e
485 868 560 916 dieitur,
575 869 670 919 entismo,

72 930 91 971 di
100 932 142 987 sunt
151 930 239 969 miracula
252 937 270 969 et
282 928 374 969 vaticinia.

319 1030 339 1085 p.
374 1030 426 1073 tin.

58 1155 61 1160 ,
130 1108 260 1155 Mineruam
269 1109 294 1149 est
303 1117 381 1150 euentus
389 1111 538 1162 supernaturalis,
554 1112 594 1163 qui,
606 1113 671 1155 ficon-

72 1175 142 1228 tingat‚
157 1187 195 1213 non
206 1173 237 1213 nifi
245 1173 289 1213 Deo
298 1172 359 1211 autori
368 1172 394 1211 est
403 1172 517 1214 tribuendus.
548 1176 612 1215 Nemo
622 1177 672 1217 enim

73 1244 145 1290 praeter
153 1238 218 1276 Deum
227 1235 261 1281 hae
271 1236 329 1287 pollet
338 1234 369 1281 vi,
385 1242 418 1286 vt,
437 1235 524 1285 quiequid
540 1250 573 1288 per
587 1245 673 1280 naturam

73 1312 136 1339 rerum
145 1297 184 1337 lieri
193 1299 268 1347 nequit,
284 1297 296 1335 fi
306 1296 363 1335 modo
372 1295 391 1334 in
400 1297 418 1334 se
427 1309 465 1335 non
477 1299 530 1348 plane
542 1299 562 1337 fit
570 1299 673 1352 imposfi'bi.

74 1365 99 1408 le,
116 1361 190 1400 efficere
199 1362 266 1400 valeat.
297 1357 353 1396 Hanc
361 1357 386 1397 ob
396 1359 467 1397 causam
475 1357 584 1411 dotlrinam,
592 1358 672 1402 miraeu-

74 1427 94 1464 10
105 1422 185 1474 quodam
192 1420 393 1465 confirmatamaDeo
403 1420 522 1461 detinendam
532 1422 601 1462 etideo
610 1437 674 1466 ueram

75 1485 122 1533 esse,
138 1482 263 1534 vnusquisque
273 1481 331 1523 videt.
363 1482 428 1520 Solent
438 1495 484 1520 vero
494 1485 577 1523 nonnulli
586 1486 639 1525 aliter
646 1486 674 1525 iu-

76 1548 138 1586 dicare
148 1547 170 1585 de
179 1545 279 1592 miraculis,
296 1555 356 1593 neque
364 1542 470 1594 sapientiam
478 1544 516 1584 Dei
524 1547 639 1597 permittere,
653 1555 675 1589 vt

78 1616 144 1649 contra
153 1616 228 1648 naturae
237 1604 321 1646 ordinem
332 1605 400 1655 aliquid
410 1615 459 1658 agat,
475 1619 536 1657 neque
547 1608 639 1649 eiusmodi
647 1610 675 1650 fa·

78 1670 107 1711 tta
116 1670 167 1710 omni
176 1677 251 1709 naturae
260 1674 327 1706 conatu
337 1666 406 1706 maiora
414 1679 435 1705 re
448 1680 493 1708 vera
505 1669 601 1717 accidisse,
621 1679 673 1711 certo

79 1732 171 1779 constare,
187 1730 219 1770 fibi
231 1729 350 1782 persuadent;
366 1741 422 1778 quere
431 1741 458 1774 ea,
475 1742 521 1779 pirae
532 1733 625 1771 miraculis
634 1735 675 1773 vul-

78 1808 104 1849 go
118 1795 274 1838 adnumerantur,
297 1798 368 1830 tantum
376 1786 476 1848 prodigia
488 1792 500 1830 i.
517 1805 533 1834 e.
547 1793 676 1845 phaenomena

78 1857 155 1903 rariora,
171 1866 250 1906 quorum
260 1854 323 1893 causae
332 1852 424 1905 plerisque
432 1853 473 1891 sunt
481 1852 562 1906 ignotae,
578 1858 609 1895 uel
615 1868 676 1912 prpe.

74 1917 149 1978 stigins
159 1918 171 1960 i,
181 1930 197 1959 e.
205 1929 234 1956 res
243 1916 289 1954 mira
299 1922 337 1954 arte
347 1912 427 1966 peractas
437 1921 455 1953 et
464 1914 539 1955 adeline
554 1917 675 1968 decipiendos

80 1976 370 2031 compotus,fuisseexistirnant.
395 1977 505 2032 Quanquam
514 1989 567 2024 vero,
574 1991 621 2029 qtrae
632 1994 676 2020 eon·
733 1987 735 1990 “

80 2051 107 2082 tra
119 2043 214 2094 vulgarem
231 2038 314 2079 miraculi
328 2037 454 2077 definitionem
466 2050 476 2076 a
489 2037 600 2087 quibusdam
614 2039 678 2093 profe.

80 2110 145 2144 cuntur
153 2103 221 2148 dubia,
236 2115 274 2142 non
286 2100 332 2141 tanti
342 2101 384 2140 sunt
397 2098 491 2152 ponderiS,
513 2108 533 2140 vt
547 2114 587 2141 eam
601 2115 636 2142 nos
649 2117 677 2143 re-

82 2165 157 2218 pudiare
167 2172 245 2217 cogant3
261 2163 340 2202 eliorum
348 2169 409 2202 tamen
419 2161 545 2211 quorundam,
561 2163 592 2213 qni
602 2164 676 2217 religio-

81 2229 100 2268 ni
109 2229 199 2268 reuelatae
208 2225 256 2266 bene
267 2224 354 2279 cupiunt,
370 2224 392 2263 de
404 2223 497 2264 miraculis
510 2225 600 2280 cogitata,
616 2226 677 2266 ficui-

634 2289 677 2331 dam
