1702 2774
163 110 200 146 DE
223 101 398 143 RELIGIONE
427 92 615 135 NATVRALI·
661 93 684 140 31

85 208 192 252 refotum,
211 213 266 251 qnam
281 197 330 237 ratio
343 204 395 235 certo
409 197 517 249 praeuidere
530 191 606 243 nequit,
626 196 645 229 et
660 190 683 229 de

85 268 160 308 confilio
174 263 225 310 Dei,
248 261 298 311 quod
310 257 366 297 nobis
382 260 491 309 plerumque
504 255 531 295 est
545 252 684 298 absconditum,

10 361 11 373 2
85 315 154 380 agenn,
184 322 274 364 Contenti
284 329 346 359 tamen
356 317 391 370 effe
399 317 493 370 possumus
502 317 537 356 liae
545 330 570 356 ex
581 324 620 355 tam
629 314 684 352 valde

43 419 46 421 .
64 411 68 416 -
84 385 213 440 probabilibus
227 381 332 423 rationibus
343 387 384 418 orte
397 379 551 435 persuasiouelet,
571 375 684 429 fisapimns,

1 436 9 461 ‘¹
61 478 64 482 .
85 445 187 486 dollrinam
196 446 254 494 hanc,
267 455 303 492 qua
312 441 403 479 humanae
411 447 487 478 naturae
500 446 595 490 tantopere
609 437 685 478 extolli·

84 515 115 546 tur
123 507 202 559 dignitas
212 513 230 544 et
239 506 258 544 in
267 515 303 552 qua
310 500 406 554 religionis
421 501 468 550 quast
480 499 560 537 vertitur
576 502 643 552 cardo,
657 502 685 538 le·

83 566 234 615 uioribusnobis
243 563 289 616 eripi
297 576 335 602 non
348 562 440 615 patiemur
448 559 564 603 ratiunculis.

115 647 168 704 Quid
176 646 199 686 de
207 645 258 685 libro
266 656 295 685 un
301 654 395 683 nronrs
404 639 428 685 de
436 641 516 685 ttnittttte
528 635 684 685 immortalitate

145 708 215 749 indicet
223 722 245 750 ot
252 719 298 757 cru
305 720 325 753 0,
335 719 358 747 ex
367 702 423 762 Tnfi
431 701 511 765 Quuest.
517 703 559 746 Lib.
566 703 581 746 l.
587 717 602 744 e.
607 718 630 745 11.
640 716 684 744 con·

146 773 186 813 stat.
198 773 289 829 blngnam
295 770 340 809 olim
348 769 437 809 inuidiam
446 769 478 808 libi
483 767 584 807 concitauit
593 780 656 807 nourr
663 783 684 808 o·

145 850 161 877 rt
167 849 255 882 umus,
269 846 311 873 curn
320 832 339 872 in
347 833 397 872 libro
405 828 431 875 de
439 828 594 874 innuat-talum
603 830 684 872 nubunt

144 913 160 939 c.
170 899 213 941 XV.
224 912 241 951 p.
252 911 293 949 ¹24⁴
303 895 399 935 scriberet:
415 892 484 937 nullas
496 894 586 936 mtiones
599 891 686 934 nutura}

144 958 174 1016 let
182 956 257 1001 adduci
260 956 314 1015 poffe
324 967 422 1016 cogentes,
434 957 525 998 autumn
533 954 568 1011 effe
577 955 684 997 inimorta-

143 1020 194 1069 lem,
212 1021 244 1071 qui
258 1030 330 1067 tamen,
348 1021 398 1073 quod
412 1018 515 1057 nostrum
528 1018 575 1058 hanc
587 1018 631 1057 ideo
644 1030 683 1057 non

144 1083 235 1135 negabat,
248 1085 290 1119 suos
300 1080 365 1118 habuit
378 1080 491 1121 defensores.

328 1157 348 1214 q.
375 1157 445 1202 xuni.

141 1241 187 1279 Non
197 1252 243 1293 ergo
251 1242 291 1280 sunt
298 1238 396 1288 audiendi,
413 1236 444 1289 qui
453 1239 524 1278 animae
532 1236 623 1280 humanae
631 1243 684 1295 plane

83 1303 152 1343 tollunt
160 1302 320 1363 immortalitatem
329 1308 348 1340 et
356 1303 387 1339 vel
397 1314 437 1339 enm
450 1309 509 1341 totam
522 1315 532 1340 a
546 1315 627 1355 corpore
639 1318 684 1357 peu.

84 1367 127 1403 dere
138 1371 156 1402 et
166 1376 208 1401 cum
218 1376 242 1401 eo
250 1370 337 1411 tanquam
346 1361 385 1400 eius
393 1369 464 1413 partem
473 1363 550 1403 interire
556 1360 673 1405 ,arbitrantur
676 1378 683 1414 ;

84 1427 115 1464 vel
128 1421 275 1479 Meteutpsyclto
284 1436 317 1470 tn,
331 1435 366 1473 qua
375 1423 435 1463 anima
442 1423 485 1475 poll
494 1432 576 1464 mortem
586 1426 648 1466 amissa
656 1427 684 1467 sui

83 1485 174 1537 memoria
183 1486 255 1536 semper
265 1497 315 1523 noua
328 1486 359 1523 vel
372 1484 470 1524 hominum
482 1488 513 1523 vel
529 1486 627 1527 brutorum
643 1489 684 1528 nni.

83 1547 174 1587 mentium
184 1546 261 1585 induere
267 1558 347 1597 corpora
356 1546 439 1597 ponitur,
449 1548 541 1598 probant3
554 1552 584 1587 uel
594 1539 684 1602 cumpost

83 1616 164 1647 mortem
172 1603 240 1660 strettun
246 1615 344 1663 perpetuo
356 1608 435 1658 sopitam
448 1607 484 1646 esse
497 1611 571 1651 volunt.
602 1612 684 1651 Somnus

84 1670 134 1708 enim
142 1668 213 1707 animae
222 1676 322 1720 perpetuus
331 1667 354 1706 ab
365 1667 404 1706 eius
413 1675 475 1707 morte
486 1681 525 1707 non
538 1668 606 1712 differt.
641 1672 684 1713 Alia

83 1740 146 1769 autem
151 1730 202 1777 ratio
211 1729 238 1766 est
245 1728 306 1767 somni
314 1727 385 1767 animae
394 1741 427 1781 per
436 1728 511 1779 aliquod
524 1737 598 1783 tempus
611 1740 683 1774 tantum

84 1789 177 1837 durantis,
190 1789 222 1840 qui
230 1789 365 1828 immortalitati
374 1789 413 1827 eins
421 1803 459 1828 non
467 1790 526 1833 obest,

52 1876 54 1879 -
114 1854 166 1893 Inter
178 1858 251 1890 veteres
269 1863 293 1890 ex
307 1858 370 1889 ruente
388 1852 523 1903 Epicureorum
537 1865 684 1895 chnrrrve

145 1913 189 1955 Lib.
202 1911 235 1954 Ill.
248 1926 267 1956 v.
279 1925 316 1965 94.
329 1913 379 1963 seqq.
394 1912 474 1953 animam
487 1926 596 1966 corpoream
615 1916 651 1958 else
664 1925 684 1957 et

146 1988 190 2016 curn
200 1989 279 2029 corpore
285 1974 376 2029 exstingui
385 1975 424 2015 aliis
429 1976 537 2028 persuadere
546 1978 617 2028 voluit3
627 1980 684 2021 etiarn

144 2052 251 2081 noturus
261 2035 316 2093 Hift.
324 2047 366 2083 nat.
377 2038 420 2083 Lib.
431 2039 471 2081 Vll.
480 2054 497 2080 c.
507 2053 534 2096 55.
546 2053 622 2082 omnem
633 2044 683 2085 snam

145 2100 165 2141 in
173 2114 196 2140 eo
205 2102 266 2153 posuit
275 2114 364 2154 operam,
377 2109 473 2143 utranam
483 2103 506 2142 de
520 2102 592 2144 animae
605 2105 684 2147 immor-

146 2162 216 2201 talitate
225 2164 334 2214 opinionem
343 2163 379 2202 esse
388 2161 502 2209 ostenderet,
515 2177 596 2214 quorum
610 2169 683 2219 placita,

147 2225 197 2275 quod
206 2224 319 2276 dolendum,
334 2223 390 2265 hodie
399 2238 409 2266 a
418 2225 528 2277 quibusdam
538 2229 591 2268 valde
603 2230 683 2281 proban-

645 2302 682 2332 tur.
