1702 2774
159 111 217 163 'ua
240 122 436 159 scurrrvun
463 118 583 160 sacua,
659 118 685 170 53

327 250 332 261 .
367 223 434 262 LXIX.
561 257 562 260 ,

133 283 160 323 Vt
169 280 263 334 Scriptura
272 215 325 319 sacri
329 278 424 333 religionis
433 293 487 320 uerae
502 280 522 322 srt
533 277 679 321 fundamentum

76 355 96 386 ct
103 352 125 384 vt
132 352 174 384 tuto
183 343 213 390 iis,
229 355 275 392 quae
284 341 338 381 nobis
348 341 438 380 credenda
447 350 465 380 et
474 344 543 394 agenda
552 340 617 388 tradit,
634 354 680 380 corr-

76 408 135 447 fidere
152 403 219 451 ttc'ear,
241 403 363 459 innenaruptn
383 401 422 441 eius
442 396 541 452 requiritur
560 402 679 464 integritas,

77 481 125 518 quae
135 467 154 507 in
164 467 203 508 eius
212 478 255 506 cum
264 463 382 517 autographis
393 463 504 515 scriptorum
513 467 605 505 sacrorum
620 466 680 506 consr-

77 529 219 575 trecenteno,
235 538 289 575 quem
299 533 361 565 tamen
372 525 437 564 nonin
448 525 535 565 omnibus
545 526 633 575 minutiis,
646 527 679 567 sed

78 592 98 630 iu
107 590 163 629 rebus
172 587 249 628 maioris
259 588 350 627 momenti
362 600 449 638 quaerere
462 601 497 627 uos
511 595 594 640 oportet.
622 590 679 630 Hanc

79 654 119 691 eius
128 650 254 703 integritatem
262 648 336 700 quidam
349 657 435 702 repetunt
447 662 457 689 a
469 650 555 703 fingrrlnri
566 649 604 688 Dei
616 651 680 702 proui-

63 749 65 761 ,
79 712 155 764 nentia,
167 724 213 762 quac
222 712 280 751 libros
293 711 327 752 hos
342 711 365 751 ab
380 711 431 750 omui
446 708 565 763 corruptione
577 713 680 753 seruauerit

79 775 184 821 immunes;
208 773 295 824 quoniam
308 786 355 813 uero
369 772 461 812 eiusmodi
472 773 534 813 diuina
548 773 630 813 custodia
643 775 681 813 sure

81 835 175 877 continuis
184 835 287 882 uiuentis,
304 848 383 885 quorum
395 832 519 875 necessitatem
534 834 634 874 meritoin
647 836 682 874 du·

82 890 134 938 bium
148 906 217 937 uocant
230 897 370 949 prudentiores,
391 909 429 936 non
444 895 500 937 facile
520 897 579 950 posset
591 896 682 948 intelligit

81 960 203 1000 sufficientem
212 959 243 1000 alii
254 958 359 999 existimant
371 958 424 998 tuisse
437 972 500 1000 curam
512 959 583 1006 ueteris
596 959 682 998 eceterae

83 1022 151 1075 partim
160 1021 254 1067 iudaicae,
270 1021 337 1072 partim
347 1020 467 1070 christianae,
482 1021 563 1060 adhunc
575 1020 682 1061 thesaurum

84 1084 108 1122 ab
118 1082 170 1121 omni
179 1081 281 1120 violatione
293 1082 437 1120 defendendum.
473 1083 560 1132 Inprimis
575 1082 631 1121 etiam
644 1082 683 1121 hoc

84 1150 163 1195 urgent,
183 1142 261 1180 iudaeos
273 1141 364 1194 religione
377 1141 430 1181 fuisse
441 1142 553 1194 impeditos,
574 1155 611 1192 quo
622 1142 685 1182 minue

86 1204 172 1244 codicem
184 1202 284 1243 hebraeum
293 1203 353 1243 studio
363 1204 494 1255 deprauareut,
513 1203 631 1243 Masorethas
643 1204 686 1244 dili-

87 1265 187 1320 gcutiasua
195 1265 294 1317 stupenda,
309 1266 328 1304 in
342 1265 433 1305 librorum
444 1267 467 1308 V.
476 1266 502 1307 T.
516 1266 621 1305 recensione
634 1265 685 1306 adhi-

87 1327 137 1373 bita,
153 1327 240 1367 omuibus
249 1327 364 1367 falsariorum
373 1327 469 1366 conatibus
476 1327 527 1366 iuisse
536 1327 624 1373 obuiam,
639 1335 659 1367 et
671 1327 685 1367 st

13 1441 15 1444 p
86 1389 106 1429 iu
114 1390 139 1428 N.
147 1388 173 1428 T.
184 1388 235 1427 libris
244 1388 267 1427 ab
277 1388 373 1428 haereticis
383 1389 493 1439 quibusdam
501 1389 558 1430 unius
570 1390 600 1428 vel
608 1389 687 1429 alteriue

87 1451 126 1491 loci
136 1457 204 1490 tentata
218 1449 262 1489 essct
276 1450 384 1502 corruptio,
408 1451 493 1490 fraudem
505 1450 566 1491 statim
579 1450 632 1490 tuisse
646 1450 686 1490 aui-

89 1508 204 1553 maduersam
210 1519 227 1551 et
233 1514 319 1563 pleraque
328 1521 389 1552 textus
395 1513 440 1552 sacri
446 1514 529 1565 exempla
537 1512 617 1552 mansisse
626 1512 686 1553 illiba·

88 1582 114 1617 ta.
144 1574 215 1612 Verum
225 1575 308 1623 qrrnuruis
319 1574 364 1613 haec
373 1573 422 1613 uitta
432 1575 465 1614 smt
474 1575 562 1627 speciosa,
576 1582 687 1616 nontamen

90 1635 143 1675 omni
152 1644 214 1675 carent
224 1635 288 1676 dubio.
314 1636 360 1674 Sane
369 1642 467 1688 tantopere
479 1636 590 1677 anonuullis
602 1635 690 1677 intratam

91 1705 154 1737 textus
166 1697 265 1749 puritatem
275 1698 355 1749 plurium
366 1696 452 1737 codicum
460 1698 627 1750 manuscriptorum
640 1700 689 1738 inter
712 1684 718 1697 Χ

91 1761 110 1799 se
119 1759 233 1812 comparatio
243 1766 261 1797 et
268 1758 311 1797 iude
321 1755 428 1810 uurptisfima
441 1759 534 1799 variarum
546 1759 647 1799 Ieeiionum
661 1759 690 1799 fa·

85 1813 120 1861 'tra
133 1820 220 1860 correrio
229 1820 270 1859 satis
279 1822 403 1873 redarguunt,
418 1833 478 1872 neque
487 1819 513 1860 est
526 1820 656 1870 diffitendum,
669 1820 693 1860 li·

93 1883 133 1923 bris
143 1881 196 1922 sacris
206 1883 245 1921 scrc
256 1895 299 1921 cum
308 1882 407 1929 omnibus,
423 1896 469 1933 quac
478 1877 537 1922 adhuc
545 1883 649 1934 supersunt,
658 1894 694 1922 ve-

94 1944 146 1983 tustis
155 1943 226 1996 scriptis
236 1945 304 1983 sortem
314 1944 368 1983 tuisse
377 1957 495 1984 communem
506 1952 525 1984 et
533 1945 545 1983 sr
554 1944 639 1984 eeclesiae
649 1943 695 1984 cura

95 2008 162 2044 eorum
174 2006 291 2058 corruptioni
300 2019 324 2045 ex
333 2012 385 2058 parte
393 2007 452 2058 cauit3
468 2019 508 2046 eam
518 2013 627 2046 tamennon
636 2005 695 2046 obsti·

96 2065 143 2116 fisse,
160 2080 197 2116 quo
208 2067 268 2107 minus
278 2070 310 2108 uel
318 2067 419 2108 scribarum
430 2082 499 2117 errore,
511 2070 543 2108 uel
554 2067 629 2108 forsitan
639 2068 695 2109 eriam

98 2129 215 2179 qporundam
232 2130 294 2169 dedita
308 2143 376 2183 opera,
392 2131 423 2170 vel
434 2130 512 2179 denique
526 2129 628 2180 uetustate,
644 2129 696 2171 haur

97 2203 155 2243 pauca
164 2189 200 2228 tuis
208 2190 316 2245 irrepserint
322 2191 381 2238 uitia,
396 2204 456 2242 neque
468 2191 518 2231 aliud
527 2191 571 2232 huic
580 2194 629 2232 malo
636 2202 696 2231 reme·

98 2251 206 2300 diuninse,
219 2254 252 2294 ntsr
260 2262 282 2296 vt
290 2254 378 2296 omnibus
387 2254 430 2295 artis
438 2253 513 2296 criticae
522 2253 604 2296 subsidiis
617 2252 699 2294 admotis

399 2316 448 2370 D3
636 2322 701 2357 teritus
