1702 2774
65 114 102 147 nu
122 111 662 165 nnnvnronrrrrvmcuunrrouu.141

65 210 146 249 minibus
156 206 235 248 nocendi
245 211 320 260 flagrare
333 207 442 259 cupiditate,
458 198 598 264 inprimis'ipfis
607 222 661 249 curae

64 271 129 317 fuisse,
146 277 167 309 vt
179 269 257 317 consiliis
268 269 308 311 Dei
322 283 355 322 per
370 269 466 326 Christum
479 272 602 323 exsequendis
614 272 662 312 obsr·

64 333 139 373 sterent.
171 332 208 370 Eos
221 345 259 371 non
271 331 306 370 esse
319 331 465 371 contemnendos
478 335 577 374 hominum
591 333 661 380 hostes,

65 393 108 444 quia
117 406 182 447 magna
190 394 317 446 praeditisunt
328 389 393 430 astutia
406 391 471 437 2Cor.
484 402 523 443 xl,
539 411 573 447 14,
590 397 661 436 malitia

64 454 105 498 Ioh.
116 462 170 507 VIII,
186 470 221 505 44.
234 462 253 494 et
262 452 345 507 potentia
357 466 369 491 2
379 452 428 491 Petri
437 457 467 502 II‚'
477 468 506 505 113
525 458 583 497 filium
597 468 661 499 aurern

63 517 101 559 Dei
111 516 154 557 ideo
162 516 242 563 venisse,
257 523 278 555 vt
287 527 344 567 opera
352 513 430 554 Diaboli
440 516 544 557 ,destrueret
557 521 613 563 rloh.
623 530 661 569 III,

64 588 82 630 g.
94 588 113 619 et
122 579 154 631 ipsr
164 591 241 619 omnem
250 577 330 630 eriperet
337 577 376 617 vim
389 577 450 621 Hebr.
462 588 488 633 II,
502 592 535 636 ¹43
556 580 660 626 Diabolum

63 653 138 692 quoque
149 638 196 679 cum
202 640 238 679 suis
247 640 316 693 angelis
325 641 371 680 olim
381 642 467 693 supremo
476 642 533 681 iudici
545 644 621 684 meritas
630 647 660 686 da.

63 711 126 743 turum
136 700 171 740 esse
181 715 249 755 poenas
261 701 330 748 Matth.
343 708 410 748 XXV,
426 716 455 752 41.
487 704 597 746 Notandum
611 720 659 748 rero

64 764 96 813 est,
102 764 144 815 quia
150 765 245 804 Diabolus
254 772 275 804 vt
282 770 337 802 autor
342 761 403 801 omnis
413 761 537 806 malimoralis
546 777 623 820 propter
632 769 659 810 hi-

62 828 138 867 storiam
146 828 205 879 lapsus
215 827 320 878 primorum
334 832 431 877 parentum
444 827 581 882 confiderunt,
599 832 660 884 saepe,

62 902 109 940 quae
119 888 161 928 mali
171 888 256 936 homines
268 888 290 928 ad
304 884 420 927 voluntatem
432 888 471 928 eius
483 897 538 945 agant
551 890 590 934 nu.
602 893 627 940 V,
641 904 661 948 3.

62 966 71 992 1
80 951 130 992 Petri
139 951 166 1000 V,
182 959 199 1001 3.
211 959 230 991 et
240 950 320 990 morbos
328 950 422 1003 grauiores
431 964 452 990 ac
461 956 508 994 mala
517 955 599 1005 quaeuis,
613 969 660 1007 quae

63 1014 103 1066 quis
112 1014 225 1067 perpetiatur
233 1015 294 1053 Lucae
306 1021 361 1059 XIII,
377 1015 404 1058 16.
420 1015 484 1056 2Cor.
494 1025 538 1062 IIII,
553 1029 573 1069 7.
586 1018 618 1070 ipsr
628 1019 660 1059 ari.

62 1076 125 1117 scribi.
163 1075 291 1128 Superstitioni
309 1074 430 1114 tribuendum
446 1076 483 1128 est,
509 1079 560 1127 quod
575 1081 661 1122 nonnulli

62 1138 166 1179 Diabolum
176 1139 216 1176 fere
226 1149 283 1186 aeque
292 1142 388 1187 potentem
397 1149 418 1175 ac
427 1138 493 1177 Deum
506 1140 594 1181 finxerint
609 1154 661 1182 eum·

62 1212 98 1251 que
106 1197 194 1238 omnibus
204 1196 341 1250 propemodum
353 1196 410 1236 rebus
423 1196 557 1240 immiscuerint
569 1202 661 1256 humanu,

61 1261 96 1301 hac
104 1259 170 1312 repleri
179 1260 305 1312 persuasrone,
322 1271 366 1299 eum
375 1265 396 1298 vt
405 1272 556 1311 qrrarumcunque
570 1268 661 1308 malarum

61 1323 129 1364 artium
138 1322 270 1362 fabricatorem
279 1320 335 1360 variis
344 1320 446 1375 praestigiis
454 1323 501 1362 olim
513 1323 585 1366 illusisse
597 1327 661 1372 homi·

62 1385 116 1426 nibus
126 1392 145 1423 et
159 1383 218 1422 adhuc
227 1381 310 1422 illuderer
461 1417 463 1419 .

90 1446 170 1498 Magnas
178 1444 256 1484 Diaboli
266 1442 302 1483 esse
311 1453 370 1495 partes
378 1440 398 1482 in
406 1442 462 1483 rebus
470 1445 562 1497 plerisque
571 1447 661 1492 mirabili.

122 1508 158 1546 bus
172 1506 220 1545 iuter
233 1505 318 1544 homines
331 1503 395 1557 gestis,
413 1518 436 1546 ex
449 1514 513 1546 vetere
522 1517 542 1547 et
550 1514 661 1566 peruulgato

122 1580 186 1607 errore
200 1567 263 1606 multis
276 1566 302 1604 est
316 1565 428 1617 persuasum.
463 1568 513 1608 Eum
526 1570 572 1610 olim
581 1577 660 1615 oraculis

122 1628 220 1682 gentilium
233 1626 359 1681 praesedisse,·
374 1640 417 1667 eum
424 1627 511 1669 homines
520 1631 595 1684 spernis
603 1643 661 1677 terre.
701 1635 704 1638 ’

103 1692 105 1697 ’
121 1704 149 1737 re,
166 1690 205 1729 eius
218 1703 254 1742 ope
262 1691 313 1742 sagas
322 1696 340 1729 et
349 1701 414 1741 magos
428 1690 525 1742 perfecisse
537 1705 568 1732 res
579 1698 660 1739 maxime

122 1751 230 1804 stupendae,
251 1763 331 1801 eumque
344 1750 437 1790 interdum
450 1749 533 1792 habitare
545 1754 565 1793 in
579 1770 660 1811 corpore

122 1813 213 1863 hominis,
230 1825 285 1863 quem
290 1812 342 1853 miris
351 1822 408 1851 vexet
416 1814 487 1863 modis,
502 1827 512 1853 a
521 1817 612 1869 plerisque
624 1834 660 1873 pro

122 1883 174 1925 cerlo
184 1875 210 1914 est
219 1872 310 1916 habitum.
341 1875 372 1913 Ad
380 1874 419 1913 eius
429 1875 468 1914 vim
476 1876 600 1920 cohibendam
608 1885 660 1925 varia

122 1936 221 1976 exorcismi
230 1935 334 1989 excogitata
342 1937 384 1975 sunt
391 1948 465 1989 genera.
495 1937 568 1978 Multus
574 1941 661 1994 inprimis

53 2034 55 2038 Α
77 2016 79 2019 >
122 1999 146 2037 de
154 1998 248 2046 Diabolo,
264 1999 303 2037 eius
313 1997 368 2044 dolis,
376 1997 444 2037 inlutis
452 2006 470 2039 et
479 1999 540 2038 noxiis
549 2000 662 2047 effeuisser-

123 2072 156 2098 mo
166 2069 205 2099 erat
210 2060 245 2099 illis
255 2059 377 2111 temporibus,
391 2059 458 2109 quibus
467 2060 532 2100 orbem
542 2060 662 2111 christianum

121 2121 187 2172 ingens
202 2122 305 2173 peruaserat
317 2120 415 2161 barbaries.
449 2121 492 2168 Post
504 2126 589 2165 ecclefiae
602 2132 662 2170 refor.

124 2181 225 2221 mationem
234 2183 284 2234 hurd
293 2195 361 2235 paucae
371 2183 455 2222 salsarum
464 2184 486 2222 de
495 2183 579 2227 Diabolo
588 2191 661 2242 opinio·

125 2256 170 2283 num
178 2245 305 2284 remanserunt
313 2245 407 2296 reliquiae,
423 2245 489 2295 quibus
499 2253 617 2290 remouenrlr's
623 2253 660 2291 lroe

608 2326 660 2370 praef
