1702 2774
214 153 259 203 ¹90
428 152 553 211 earvr·
571 156 597 190 x.

424 249 444 308 u.
473 249 606 293 cruuntur.

273 345 311 391 Ea,
332 353 379 392 quae
393 340 479 383 Christus
493 340 595 395 praestitit,
624 347 645 380 vt
658 339 765 380 hominibus
779 340 813 379 snb

216 414 266 447 certa
275 404 383 445 conditione
393 412 468 458 peccata
477 403 634 454 condonarentur,
651 398 814 459 ouesatipsatiia·

215 482 261 512 rtem
270 469 308 508 eius
319 469 428 520 pierumque
437 474 509 520 ponunt
521 467 540 507 in
555 465 670 517 susceptione
684 472 703 503 et
715 465 814 505 tolerantia

215 530 302 569 omnium
311 542 414 583 poenarum
421 556 427 576 ,
434 552 435 556 =
443 542 487 579 quas
495 527 581 568 homines
590 525 669 579 peccatis
681 526 718 565 suis
732 535 821 566 comme-⁴

215 591 299 633 tuissent.
336 590 441 635 Christum,
465 598 509 634 eum
522 590 541 629 in
555 589 653 629 hominum
666 585 774 628 suecessisset
787 590 815 628 lo,-

216 667 272 700 eum,
287 654 354 692 volunt
369 647 516 703 perpeffionibus
530 657 549 689 et
562 659 624 689 morte
639 652 670 690 sua
684 663 749 690 eorum
762 649 814 690 luisse

217 719 290 767 culpam
299 722 318 752 et
329 713 352 751 ste
362 714 427 752 Deum
437 711 512 763 placasse
522 703 599 761 eiueque
613 712 691 762 gratiam
704 712 740 750 illis
753 712 822 761 conci-—

215 776 271 818 liasse.
303 776 395 825 Poenam,
411 787 466 824 quam
477 773 564 825 pertulit,
579 768 634 812 fuiffe
643 770 777 823 exemplarem,
789 783 815 812 ex

216 852 252 891 qua
261 845 368 890 appareret,
384 836 448 876 Deum
461 843 535 887 peecata
549 835 607 874 inuita
621 845 639 874 et
651 829 742 886 impunita
754 834 815 876 dimit·

217 909 257 942 tere
269 913 307 939 non
320 898 382 950 posse,
406 905 425 937 et
437 910 482 948 quae
496 896 596 936 maximam
612 895 697 934 homines
713 909 723 935 a
737 905 814 948 peccato

215 960 323 1003 deterrendi
336 959 474 1002 traberetvim.
509 955 643 1014 Perpaeffioner
659 957 698 996 eius
715 958 768 997 fuisse
781 960 814 998 du·

216 1026 270 1079 plicis
284 1021 368 1076 generis,
385 1021 429 1061 arias
442 1030 549 1066 externas,
571 1020 594 1059 ab
609 1018 692 1058 hostibus
704 1018 736 1075 ipfi
749 1020 817 1067 ituras,

217 1087 263 1127 alias
272 1085 364 1128 internus
374 1096 440 1133 easque
449 1080 574 1134 grauissimas,
590 1094 614 1121 ex
622 1080 660 1120 irae
675 1080 747 1120 diuinae
762 1084 814 1121 sensu

216 1157 278 1195 ortas,
302 1145 380 1198 quibus,
397 1153 485 1195 tanquam
503 1144 601 1183 hominum
621 1156 685 1194 praee,
708 1143 733 1182 ob
747 1157 814 1184 eorum

216 1219 294 1265 peecata
308 1207 365 1248 fuerit
378 1205 462 1250 arrium.
499 1207 544 1246 Ideo
559 1219 601 1245 eum
618 1205 655 1244 diei
668 1204 754 1245 homines
768 1207 813 1245 Deo

215 1270 342 1314 reconciliasse
356 1270 414 1312 Rom.
427 1269 457 1315 V,
474 1282 501 1308 ro.
510 1281 533 1311 rr.
552 1267 619 1308 2Cor.
629 1267 659 1318 V,
675 1275 702 1316 18.
722 1268 813 1314 rlohsli,

216 1349 231 1378 ι,
242 1349 262 1379 2,
285 1347 302 1379 e.
313 1332 351 1382 IV,
371 1344 400 1370 10.
413 1330 494 1382 pretium
508 1328 629 1369 redemtionis
642 1328 727 1384 pro-iilis
741 1330 814 1369 soluisse

216 1398 275 1440 Rom.
288 1403 324 1441 ΠΙ,
337 1405 372 1443 24.
392 1394 433 1434 Gal·
445 1400 485 1438 Hi,
498 1406 524 1449 13.
540 1391 604 1444 Ephes¹
619 1393 637 1440 Ι,
651 1403 672 1443 7.
693 1391 735 1432 Coi.
749 1392 768 1441 I,
783 1403 814 1440 14.

217 1471 284 1499 eorum
293 1460 336 1495 loeo
346 1454 420 1508 passum
428 1454 463 1492 esse
472 1454 513 1496 ioh.
524 1462 559 1499 XI,
572 1466 596 1506 50
603 1466 646 1504 -52,
661 1453 720 1496 Rom⁶
728 1454 753 1499 v,
767 1468 785 1505 7,
795 1459 812 1502 3¹

147 1521 149 1525 ’
216 1538 229 1565 2
241 1522 287 1568 Cor,
297 1519 321 1565 V,
337 1531 362 1571 ις.
378 1530 386 1556 1
397 1512 446 1555 Petri
454 1515 479 1562 ΙΙ,
491 1526 525 1560 21.
539 1514 601 1556 Hebr.
610 1513 635 1560 ii,
651 1530 670 1569 9.
683 1510 777 1553 vietirnam'
787 1515 813 1555 fa-

217 1584 268 1625 erm
279 1578 333 1621 fnisse
345 1591 380 1631 pro
393 1590 460 1619 eorum
472 1577 552 1631 peccaris
565 1576 604 1623 roh,
618 1575 638 1622 Ι,
657 1589 689 1629 29.
710 1590 719 1616 1
732 1577 782 1616 Petri
790 1581 812 1624 ⁴I,

216 1658 245 1699 ³8·
263 1659 296 1700 19·

246 1739 286 1779 lam
299 1732 353 1774 muiti
365 1739 493 1787 agnouerunr‚
517 1728 612 1773 Christum
628 1741 667 1771 non
684 1729 759 1784 proprie
775 1731 812 1773 dici

273 1796 324 1853 posse
332 1796 379 1835 iram
387 1794 424 1834 Dei
433 1795 492 1834 tuliffe
504 1807 581 1844 eamque
591 1795 621 1834 sua
633 1795 729 1846 placauiiie
742 1802 812 1841 morte,

273 1872 317 1901 euru
335 1858 399 1904 Deus,
414 1857 498 1897 maximo
517 1856 537 1897 iu
554 1856 640 1897 homines
655 1868 719 1896 amore
738 1855 811 1903 durius,

273 1923 333 1964 filium
344 1920 398 1958 snum
411 1920 434 1958 ad
443 1932 508 1959 eorum
521 1918 620 1970 commoda
635 1916 683 1956 mistt
696 1919 811 1969 procuranda

271 1984 315 2028 l'oh.
323 1990 358 2037 ΠΙ,
373 1982 402 2021 16.
413 1988 432 2020 et
446 1993 489 2021 eum
502 1980 585 2023 Christus
597 1980 617 2020 in
630 1979 706 2019 summis
718 1979 754 2019 suis
766 1993 811 2032 per.

271 2044 383 2101 pesstonibus
396 2043 420 2082 de
433 2044 489 2096 patris
502 2044 529 2084 sui
542 2050 603 2083 cerrus
619 2041 656 2081 fuit
667 2042 732 2082 fauore
746 2042 810 2083 Lucae

272 2116 335 2155 ΧΧΠ,
351 2106 383 2158 aa.
393 2117 424 2160 43.
439 2118 455 2144 c.
464 2112 536 2152 xxm,
551 2108 587 2156 46.
595 2112 614 2143 et
625 2103 657 2155 ipsi
669 2105 694 2143 ob
703 2103 809 2157 praestitum

272 2170 292 2209 in
309 2166 407 2209 duriflimis
421 2165 530 2216 obsequium
549 2162 658 2221 gratiffimus
674 2165 716 2210 roh.
731 2171 760 2212 X,
777 2177 807 2214 17.

273 2229 339 2283 Ephes.
350 2231 379 2277 V,
394 2243 414 2273 2.
428 2227 495 2280 Philip.
504 2228 529 2277 ΙΙ,
544 2243 566 2283 9.
579 2229 652 2279 quando
665 2241 711 2268 vero
724 2230 769 2268 Deo
782 2227 809 2268 ita

271 2291 360 2336 tribuitur
369 2291 411 2338 Ioh.
420 2298 456 2345 ΙΙΙ,
470 2292 503 2350 3⁶·
515 2290 575 2334 Rom.
583 2291 599 2344 I,
616 2295 643 2340 18.
655 2302 674 2335 e.
685 2292 709 2339 ΙΙ,
725 2302 745 2345 5.
758 2289 777 2328 id
785 2289 808 2329 de

740 2364 807 2405 poena,
