1702 2774
253 71 514 123 euoenoonuenni
673 89 687 137 3

80 187 106 228 est
114 187 136 228 ad
146 199 167 225 ea
177 182 305 228 diiudicanda,
320 193 367 230 quae
376 193 399 221 cx
407 180 499 234 religione
513 180 592 221 naturali
604 182 684 227 christia-

80 264 103 290 na
114 244 196 286 retinuit.
228 243 342 288 Paetinae,
356 242 394 281 duo
405 242 494 295 principia
503 243 623 297 Theologiae
634 247 683 289 chri-

78 309 146 350 stianae
154 309 218 345 locum
228 305 297 345 babere
302 331 308 351 ‚
317 300 394 358 farriam
408 315 476 356 nempe
485 305 586 348 1111111111
598 315 618 348 ct
626 322 683 352 rette-

78 367 174 411 larionem
183 363 276 410 diuinum
289 367 325 405 siue
326 362 458 421 [1111111111
464 363 561 420 suetum,
582 369 622 410 eius
636 384 682 426 cou-¹

55 470 57 475 ,
76 428 205 474 semuncem.

334 487 353 543 1.
384 488 419 530 11.

104 593 108 596 -
139 573 188 612 Cum
198 570 253 614 11111
261 571 283 610 fit
291 568 369 610 facultas
378 570 446 610 mentis
458 584 521 612 rerum
531 585 602 615 nexum
616 578 680 620 distin}

76 634 104 674 tte
114 634 239 688 cognoscendi
248 645 305 683 eaque
315 632 384 686 insigne
398 634 469 674 donum
482 634 534 682 Dei,
554 637 591 676 fine
603 651 640 688 quo
653 655 677 681 ne

75 697 172 750 religionis
185 696 260 748 quidem
274 708 331 747 capax
344 695 370 734 est
381 694 452 743 horno,
469 697 564 746 nesciunt,
580 700 630 750 squid
644 702 677 744 fibi

76 759 146 806 velint,
163 758 195 809 qui
204 759 224 798 iu
232 757 340 810 Theologia
352 757 444 797 rationem
453 761 484 798 vel
493 761 545 811 plane
555 773 593 800 nou
602 763 678 804 audien·

76 822 130 871 dam,
146 823 177 861 vel
185 820 256 874 saepius
265 819 429 876 obmutescendam
438 820 476 860 esse*
486 823 608 863 contendunt.
627 824 678 866 Cau-

74 884 136 923 santur
150 882 237 934 quidem,
257 881 349 922 rationem
364 881 462 923 hominum
481 882 516 923 csse
532 892 639 937 corruptam
658 895 677 928 et

74 945 162 986 maximis
170 945 251 985 tenebris
260 943 347 994 obitam,
359 952 377 984 et
385 945 520 986 reuelationem
534 947 595 987 solent
607 949 676 991 lumini

73 1003 116 1048 solis
130 1021 249 1059 comparare,
265 1007 317 1045 cuius
328 1007 426 1058 splendore
439 1010 509 1059 lampas
521 1007 541 1047 in
553 1010 632 1051 meridie
645 1026 675 1052 ac-

73 1071 138 1115 censa,
154 1069 184 1107 cui
190 1069 238 1107 ratio
248 1068 269 1106 fit
279 1067 353 1113 similiS,
374 1068 421 1106 adeo
434 1067 555 1118 obscuretur,
577 1079 598 1110 vt
610 1076 674 1115 lucere

4 1128 6 1130 ’
68 1131 107 1169 'vix
114 1138 201 1182 appareat
209 1127 317 1178 nullamque
327 1127 406 1179 praestet
414 1128 520 1170 utilitatem.
550 1130 586 1170 Sed
594 1146 638 1174 curn
647 1150 675 1177 ra-

72 1191 101 1231 tio
109 1192 128 1232 in
141 1190 232 1244 religione
242 1189 395 1236 commendatur,
411 1189 522 1244 intelligitur
532 1205 570 1231 non
580 1202 676 1249 corrupta,'

71 1254 103 1292 sed
118 1253 178 1306 probe
190 1254 275 1300 exculta,
295 1264 353 1300 quae,
373 1250 402 1290 uti
417 1251 436 1290 in
448 1253 488 1292 aliis
500 1253 557 1293 rebus
571 1257 594 1294 ad
608 1263 675 1302 verum

71 1315 231 1368 perspiciendum,
247 1314 271 1353 fic
280 1313 335 1352 ctiam
345 1313 368 1352 ad
377 1313 488 1366 religionem
497 1313 546 1364 reste
560 1321 677 1370 cognoscem

72 1380 114 1418 dam
123 1386 141 1417 et
151 1377 301 1430 perpendendam
310 1375 388 1414 omnino
397 1375 423 1414 est
431 1376 506 1426 idonea.
542 1377 619 1427 Simile,
635 1396 674 1433 quo

71 1447 160 1490 utuntur,
175 1438 213 1478 illis
222 1438 264 1491 iplis
273 1437 308 1476 erit
317 1437 442 1484 contrarium,
459 1439 470 1477 fi
480 1442 535 1491 paulo
544 1440 597 1480 aliter
606 1451 625 1482 ct
634 1443 678 1494 qui-¹

71 1503 116 1542 dein
125 1501 162 1541 hoc
171 1500 229 1540 ruodo
239 1498 358 1542 adhibeatur:
371 1500 416 1539 sicut
426 1503 487 1539 lumen
499 1501 545 1541 solis
555 1503 610 1542 nobis
619 1507 673 1556 plane

71 1577 109 1603 non
118 1562 217 1615 prodesset
203 1563 238 1602 tsi
247 1563 313 1602 oculos
323 1564 353 1601 vel
362 1574 427 1600 eruere
437 1565 468 1600 vel
477 1564 562 1602 claudere
570 1567 673 1616 vellemus,

71 1626 144 1664 seluce
152 1624 282 1677 reuelat‘tionis‚
292 1625 348 1664 oculo
358 1623 416 1662 animi
426 1625 438 1666 i
449 1636 465 1666 e.
475 1638 495 1664 ra
496 1623 548 1664 tione
556 1628 588 1665 vel
596 1627 673 1694 priuati,

71 1691 103 1732 uel
110 1699 149 1727 non
158 1685 242 1735 intento,
256 1685 285 1727 vti
292 1687 345 1749 nullo
359 1685 418 1725 modo
427 1685 527 1738 possemus

333 1766 352 1822 1,
385 1766 409 1806 v.

81 1878 82 1882 ,
130 1849 212 1898 Ratione
220 1847 355 1902 principiorum
368 1843 478 1905 Theologia
487 1846 513 1886 est
521 1847 552 1887 vel
560 1848 675 1901 1111111111

72 1925 118 1981 quae
128 1913 150 1951 de
164 1912 296 1965 religionet
265 1924 288 1950 na
289 1909 355 1956 turali,
373 1911 404 1948 vel
418 1906 558 1955 retttesuta,
535 1922 580 1959 quae
592 1913 615 1951 de
629 1916 673 1955 reli·
674 1946 679 1952 ,,

70 1974 127 2026 gionc
136 1977 206 2013 reuelat
199 1983 217 2014 11
225 1973 288 2026 agita
291 1979 369 2021 vitaque
383 1970 408 2010 est
417 1974 448 2010 vel
457 1969 579 2019 theoretica,
596 1987 642 2024 quae
652 1986 672 2017 et

71 2031 145 2077 thetica
153 2043 172 2075 et
181 2023 297 2094 dogmatice
306 2034 351 2073 dicit
344 2042 380 2084 tur,
396 2035 427 2073 vel
433 2030 570 2089 praedicatae
579 2035 672 2082 1111111111

26 2132 28 2135 .
42 2108 44 2111 ·
70 2096 94 2145 In
104 2096 146 2145 illa,
163 2110 209 2147 quae
223 2098 246 2137 de
258 2098 304 2138 Deo
317 2094 457 2148 cognoscimus,
479 2094 498 2133 in
511 2093 545 2134 hac
559 2095 632 2144 officia,
648 2100 672 2139 ad

71 2171 118 2209 quae
127 2157 172 2198 haec
181 2159 265 2211 cognitio
275 2171 309 2199 nos
321 2157 413 2210 impellit,
428 2164 554 2208 exponuntur.
586 2159 672 2200 Theolo-

71 2220 112 2275 giae
121 2220 213 2263 moralist
205 2227 291 2272 tanquam
300 2230 361 2275 partes
369 2219 508 2259 considerandae
519 2220 571 2261 suut:
589 2218 671 2265 Theolo

376 2282 420 2325 Aa
630 2281 670 2341 giu
