1702 2774
92 105 93 108 ’
116 98 352 159 nurture-rotun
370 117 597 160 cunrs‘rrnnn.
631 117 670 172 871

52 216 109 257 sensti
123 216 177 255 donis
192 216 269 254 fuerunt
287 215 369 254 instrusti
384 218 425 257 uo.
438 218 492 265 ll‚·1
504 219 555 268 seqq.
571 225 593 256 vt
603 218 661 259 effert

53 278 139 316 doitores
148 276 244 327 religionis
251 288 285 326 per
290 275 394 314 uniuersam
401 280 494 325 ecelefiarn
504 276 592 331 singulari
601 279 659 316 scien·

51 338 77 377 tia
90 340 110 375 et
123 337 194 374 sumina
208 336 307 375 autoritate
321 334 405 386 praediti.
437 337 457 375 ln
469 341 531 378 locutu
543 338 599 378 Iudae
610 338 658 377 lsca-

50 400 110 442 riotae
119 398 232 453 proditoris,
250 398 282 451 qui
291 399 309 438 se
318 396 449 446 interemerat,
466 399 547 444 filtceffit
557 400 657 452 Matthias,

33 463 151 517 ‘areliquis
166 463 254 503 undecim
268 460 426 513 upostnttssorte
444 461 510 501 elettus
525 464 565 507 Au.
579 466 599 517 t,
618 471 655 509 26.
699 477 701 480 ·

33 519 35 522 ’
49 526 126 566 Deinde
136 518 231 577 Apostolis
241 536 316 573 quoque
325 521 420 563 adiuntur
428 523 465 563 fuit
473 525 546 574 Paulus,
560 528 656 569 aChristn

49 587 90 638 ipso
99 594 177 625 vocatus
186 583 230 626 Aet.
239 584 279 630 lX,
298 598 306 624 1
319 584 369 635 seqq.
384 584 461 624 Hornrn
470 584 604 637 Apostolorum
615 602 652 641 ope

49 646 134 685 dotlrina
146 646 253 696 euangelica
265 644 347 696 primunr
358 645 407 684 inter
421 645 511 691 ludaeos,
532 646 594 697 postea
603 648 652 687 inter

48 707 154 759 proselytos
169 711 245 756 portae,
269 704 349 753 deniqne
367 704 417 744 inter
430 705 509 756 gentiles
526 718 595 758 magno
608 721 652 750 eunt

48 766 110 811 frntln
120 765 147 809 est
159 767 253 823 diuulgata
265 765 366 818 multique,
382 766 413 807 illa
421 766 509 822 probata,
529 767 603 811 Ctristo
616 784 651 812 no-

47 846 92 874 rnen
101 833 202 884 dederunt,
218 832 249 882 qni
259 832 321 871 fideles
330 829 372 874 Att.
382 831 417 881 Vl,
430 845 461 888 32.
476 833 544 872 fratres
553 832 597 878 nel,
606 843 650 886 xv,

47 910 63 936 ι,
74 902 93 935 et
105 885 187 946 priuinnr
201 893 310 933 Antiochiae
329 892 428 933 Christiani
446 893 487 936 Ast.
501 903 540 940 xl,
565 897 592 935 26
609 897 652 935 lunt

47 955 118 997 vocati.
149 954 180 993 Ab
188 954 286 1005 Apostolis
293 953 352 993 adhue
359 954 390 992 alii
399 954 493 995 constituti
501 957 544 994 sunt
551 956 650 1009 religionis

47 1015 147 1060 dotlores,
161 1015 193 1062 qni
202 1014 269 1065 partini
278 1015 362 1052 ecclesiae
371 1014 444 1054 cuidam
454 1014 566 1064 praeessent,
580 1016 648 1066 partim
705 1051 707 1057 ,

30 1103 34 1107 -
47 1077 67 1115 se
76 1075 94 1114 in
107 1074 204 1113 itineribus
214 1072 347 1111 comitarentur
356 1073 435 1121 sequein
444 1085 521 1112 inuuere
530 1075 608 1114 docendi
618 1076 653 1114 ard-⁴

47 1139 145 1186 inuarent,
161 1136 193 1188 qni
206 1135 317 1189 posteriores
331 1131 464 1195 erenttgelistne
477 1134 585 1178 dicebantur
598 1137 647 1190 Eph.
698 1175 701 1190 2

47 1202 89 1248 IV,
107 1214 130 1241 rr.
161 1197 280 1245 nonoribus
293 1198 445 1239 extraordinariis
461 1200 594 1240 adnumerandi
605 1203 648 1240 l'nnt

43 1260 166 1320 prophetae,
181 1274 261 1310 quornm
272 1261 327 1299 etiarn
337 1261 430 1299 interdurn
439 1261 459 1299 fit
469 1262 546 1305 mentio,
571 1261 595 1301 ln
605 1275 648 1314 pro-

4 1374 5 1377 *
48 1323 131 1375 pagande
143 1321 235 1373 religione
245 1321 341 1360 christiana
350 1321 437 1371 Apostoli
446 1328 465 1360 et
477 1322 544 1370 reliqui
560 1322 648 1361 dostores

47 1381 104 1421 nullis
113 1381 182 1419 illicitis
193 1381 263 1418 artibus
276 1382 362 1428 nullaque
376 1380 408 1425 vi,
428 1381 510 1421 sednon
523 1382 556 1421 nist
571 1383 649 1433 sunplici

49 1443 145 1492 oratione,
160 1453 195 1492 qua
202 1440 242 1479 aliis
252 1440 349 1480 veritatem
360 1437 473 1480 dostritraea
485 1442 503 1479 se
512 1440 589 1480 traditae
605 1455 646 1495 per-

48 1508 123 1548 suadere
132 1504 239 1552 studebant,
256 1504 365 1558 utebantur3
381 1505 435 1544 Deus
448 1513 509 1545 auteur
524 1505 580 1547 uariis
593 1506 648 1547 nrira·

49 1570 101 1621 culis,
110 1567 248 1621 perApostnlos
257 1566 315 1615 fauts,
324 1568 404 1607 serinoni
410 1581 475 1607 eorum
482 1566 608 1621 grauilsuntun
618 1570 649 1608 da·

49 1632 81 1670 bat
91 1629 224 1671 testiinonium.
252 1629 297 1668 Hoc
305 1630 363 1667 inodo
372 1628 441 1668 fanum
451 1630 488 1677 est,
501 1638 521 1669 vt
534 1643 592 1682 paruo
602 1639 649 1670 tern-

49 1704 96 1742 pore
106 1692 172 1740 ingens
183 1688 281 1727 hominurn
290 1689 390 1727 multitudo
399 1689 468 1728 Christi
475 1703 545 1729 nomen
552 1693 648 1742 profitere·
701 1737 703 1740 Α

49 1758 107 1789 turer
118 1749 218 1787 secundum
227 1748 308 1786 instituta
320 1748 359 1786 eius
369 1748 447 1791 uiueret.

82 1812 112 1854 Ex
126 1808 177 1851 Attis
189 1808 325 1865 Apostolorum
339 1809 436 1857 ridemus,
461 1822 550 1863 quaenam
564 1809 649 1851 ecelesiae

112 1875 218 1915 christianae
235 1874 305 1915 fuerint
318 1874 371 1914 initia
386 1884 404 1915 et
418 1875 533 1926 quambene
549 1874 649 1915 adiuuante

110 1938 174 1977 diuina
188 1936 246 1989 gratia
255 1934 390 1988 Apostolorum
402 1937 475 1977 labores
489 1938 508 1977 in
522 1937 613 1990 pluribus,
626 1938 651 1977 ad

112 1998 225 2051 religionem
238 1998 354 2037 christianam
369 1999 508 2046 conuertendis,
525 1997 652 2041 successerint.

112 2059 144 2095 Ad
151 2071 183 2107 ea,
199 2058 278 2107 quaein
292 2058 327 2097 illis
339 2067 447 2103 narrantur,
468 2071 490 2096 eo
505 2060 572 2097 melius
585 2059 653 2097 intelli-

112 2117 173 2171 genda
193 2131 237 2171 prae
257 2117 297 2157 aliis
318 2120 398 2158 tnultnru
422 2115 523 2159 conserunt
540 2131 652 2160 onouerr

50 2220 51 2224 ,
113 2194 239 2225 nrnsourr
261 2178 376 2240 Gesthiclzte
395 2177 431 2226 det·
451 2180 514 2239 ersten
534 2180 653 2242 Pflnttauug

114 2241 150 2288 der
162 2243 286 2301 christlielren
299 2244 405 2306 Religion,
427 2245 464 2288 nie
477 2244 507 2306 ste
525 2247 546 2290 in
561 2243 598 2288 der·
613 2243 652 2286 Ge·
695 2267 697 2270 -

354 2309 399 2360 F4
534 2303 537 2308 ”
562 2303 652 2363 schicltte
