1702 2774
386 137 496 173 CAPVT
528 138 597 174 xllr.

190 271 193 275 .
250 235 371 281 rnisfionibus,
379 234 448 274 diuinis
464 235 555 290 quaedam
567 236 591 275 de
605 235 671 276 futuro
685 235 751 277 Mesua
764 250 799 290 po-

252 302 323 341 tuerint
334 302 460 349 cognoscere,
474 298 592 338 nihiltarnen
601 300 648 342 certi
657 300 680 339 de
691 302 728 352 spe,
742 314 798 351 quam
821 291 822 294 ¹

251 366 271 404 in
282 365 322 415 ipso
332 362 439 415 posuerint,
456 360 537 404 constat
568 362 639 401 Eorurn
649 363 705 402 fidem
714 362 732 403 in
743 363 799 403 (ji-,ri-

252 427 301 466 stum
311 426 388 476 quidam
397 424 490 465 adstruere
499 426 567 464 uolunt
574 423 626 464 ‘dieto
637 425 797 474 Perfruitur,
837 466 839 469 ,

252 505 278 535 ιι,
288 489 351 540 quod,
367 496 389 528 vt
398 486 484 543 opinioni
493 488 535 527 suae
550 487 625 535 faueat,
644 488 797 540 interpretantur.

252 553 322 603 Neque
338 551 401 592 ornnia
413 551 509 603 probanda
520 552 573 598 sunt,
594 563 640 601 quae
655 551 678 589 dc
690 551 737 590 statu
752 551 798 590 side.
836 553 838 557 '

252 616 300 656 lium
318 616 343 656 V.
359 614 385 657 T.
399 625 523 654 cocceius
540 620 559 652 et
580 614 612 665 qui
631 627 675 654 euru
695 616 798 665 sequuntur.

253 679 353 730 disputant.

424 735 442 795 §-
474 737 564 781 CCXIX.

253 801 332 843 Ecclesia
341 806 418 840 externa
432 812 456 839 eo
466 800 493 839 est
508 800 586 852 melior,
603 813 640 851 quo
654 800 714 841 maius
727 801 747 841 in
763 801 797 842 do.-

190 868 259 910 tulnae
269 864 365 919 religionis
375 871 394 902 et
403 876 478 904 rnorurn
490 863 569 916 puritate
584 865 652 904 tuenda
666 867 746 905 collocat
759 864 797 904 stu-

190 914 242 972 diurir
252 938 270 969 ct
280 941 318 978 quo
333 926 417 978 pluribus
431 925 512 972 constat,
532 925 564 976 qui
577 927 600 965 ad
613 927 720 979 religionis,
741 941 797 979 quarn

190 994 310 1049 profitentur,
315 996 413 1042 praccepta
419 989 476 1028 vitarn
485 990 536 1028 suan]
542 988 640 1029 instituunt
648 989 796 1047 luccat-ll..)

189 1058 307 1104 Plerumque
322 1052 406 1091 ecciesiae
424 1051 512 1091 externae
531 1051 640 1104 praestantia
664 1055 748 1093 censetur
770 1067 796 1094 ex

189 1115 305 1173 prosell'rone
319 1113 415 1154 dodrinae
426 1127 495 1167 purae,
519 1114 555 1153 sine
570 1111 693 1157 orthodoxia
710 1123 729 1156 et
742 1124 795 1157 certo

190 1182 269 1226 ordine,
285 1178 303 1218 in
313 1180 364 1217 cultu
374 1177 413 1217 Dei
427 1177 504 1229 publico
517 1185 572 1227 atque
586 1178 606 1217 in
619 1179 753 1230 compescenda
767 1192 797 1218 er-

189 1234 257 1285 rorurn
269 1255 290 1280 ac
300 1240 391 1280 vitiorum
401 1239 536 1293 propagatione
544 1241 646 1289 seruando,
663 1242 699 1280 fine
708 1238 796 1298 discipli.

189 1320 217 1349 aad
228 1301 360 1362 ecclesiastiea.
393 1301 424 1340 Est
435 1314 481 1341 vero
491 1302 607 1341 orthodoxia
615 1303 649 1342 alia
662 1303 681 1342 in
697 1306 715 1342 se
727 1302 796 1355 specla-

184 1377 220 1414 rta,
234 1367 292 1406 sirrnis
301 1363 406 1404 rationibus
415 1364 472 1413 niua3
489 1363 524 1403 alia
534 1364 618 1412 relatiua,
633 1375 717 1417 exparte
730 1366 795 1407 anuo-

188 1432 244 1472 ritate
261 1429 343 1468 lrurnana
358 1427 449 1473 stabilita,
480 1439 537 1477 quarn
553 1428 630 1477 quaeuis
648 1429 721 1468 ecclelia
738 1429 795 1481 parti·
824 1476 827 1478 .

188 1492 257 1535 colaris
274 1490 307 1531 fibi
323 1490 419 1537 uindicat3
441 1501 502 1538 neque
525 1489 621 1542 disciplina
638 1490 757 1532 ecclesiastica
773 1492 794 1531 in

187 1554 277 1595 onini'ons
287 1552 366 1591 ecclesiis
376 1550 519 1603 particularibus
532 1551 557 1591 est
567 1552 639 1592 eadem.
672 1552 691 1591 Si
705 1566 726 1593 ea
736 1556 795 1592 eccle·

160 1617 170 1631 ‘
186 1619 211 1657 sia
221 1614 336 1669 particularis
344 1613 424 1654 liabetur
437 1626 492 1660 uera,
510 1613 530 1653 in
544 1625 579 1663 qua
591 1605 664 1654 surnrna
677 1615 793 1657 orthodoxia

186 1688 206 1720 et
216 1679 288 1731 optirna
297 1676 393 1728 disciplina
406 1674 524 1715 ecclesrastica
539 1676 601 1729 viget,
621 1676 647 1716 ob
662 1678 747 1717 oninium
763 1691 793 1717 re-

185 1754 229 1782 rurn
243 1741 368 1780 humanarum
380 1736 544 1791 impersetlionern
562 1749 600 1778 non
616 1739 671 1779 facile
685 1740 792 1781 inuenietur

185 1804 271 1853 ecclesia,
288 1802 318 1841 cui
327 1801 364 1840 hoc
374 1813 444 1840 nornen
457 1800 569 1850 conueniat3
587 1801 632 1842 ideo
647 1802 696 1842 inter
711 1803 792 1843 diuersas

183 1866 268 1906 ecclesias
283 1860 403 1917 particulares
419 1876 441 1903 ea
453 1863 531 1903 dicenda
545 1863 571 1903 est
585 1863 718 1916 praestantior,
744 1877 791 1916 quae

182 1929 246 1969 rninus
256 1926 283 1967 est
291 1925 407 1979 impcrletla.
436 1926 490 1966 Varii
499 1933 562 1965 autern
572 1927 615 1966 sunt
625 1927 693 1980 gradus
701 1928 772 1979 imperf
783 1951 791 1959 -

183 1990 261 2037 filionis,
278 2001 358 2040 quorum
368 1988 443 2040 quidam
452 2001 490 2028 non
500 1987 617 2040 impediunt,
630 2002 669 2039 quo
682 1990 744 2029 nrinus
760 2003 790 2030 ec-

182 2054 234 2093 clesia
244 2053 335 2104 quaedam
344 2051 416 2091 dicatur
424 2063 480 2100 vera,
496 2050 508 2090 fi
519 2050 540 2093 id
550 2051 665 2104 intelligatur
680 2053 702 2090 de
717 2055 789 2093 surnnra

180 2129 255 2164 rerurn,
272 2115 382 2155 adsalutem
397 2121 491 2154 aeternam
500 2115 649 2164 consequendam
664 2115 741 2169 cognitu
756 2129 788 2154 ne-

180 2179 310 2224 cessariarum,
326 2190 382 2228 quarn
392 2176 473 2223 retinet,
490 2183 509 2215 et
520 2177 542 2215 de
552 2176 619 2217 debito
632 2178 706 2228 pietatis
718 2178 787 2225 studio,

178 2242 210 2283 cui
220 2241 246 2280 est
254 2240 323 2285 dedita.
356 2240 386 2278 Ex
397 2238 488 2291 opinione
499 2239 616 2289 quorundam
627 2239 699 2292 optima
712 2240 787 2281 ecclefia

177 2302 209 2345 illa
218 2303 257 2352 est,
274 2315 320 2353 quae
331 2303 353 2343 ad
364 2304 472 2355 exemplum
480 2301 597 2362 apostolicae
613 2303 634 2343 sit
648 2303 730 2344 formata
743 2301 786 2343 Au.

716 2365 786 2417 11242.
