1702 2774
180 121 222 177 186
401 132 514 169 curvi*
545 112 571 174 rr.

180 230 225 270 Deo
236 230 355 283 adipiscamur
362 263 368 282 ,
383 230 516 272 demonstrauit
527 233 653 285 ecpraeupne
666 229 780 285 passionibus
822 251 824 253 ·

181 300 237 343 atque
252 301 312 332 mnne
325 295 357 332 sua
370 292 441 345 effecit,
459 301 481 333 vt
495 293 609 335 certissimam
623 297 645 335 de
659 303 779 348 peccatorum

180 355 288 394 nostrornm
300 353 416 406 remissione,
441 370 451 396 a
464 357 509 396 Deo
521 357 555 395 sub
570 357 624 395 certis
638 356 778 396 conditionibus

182 417 294 463 obtinentia,
321 419 455 469 persuasionem
470 418 580 458 haberemus
596 415 626 475 (ti.
639 415 778 472 mxxviii).

181 478 203 535 3)
213 477 277 519 Fusius
287 479 343 521 nobis
352 477 530 535 estsnrtci'tjsctttio‚
551 480 593 531 quia
606 480 678 531 optima
691 480 740 518 vitae
751 491 780 517 re<

182 539 210 579 ue
221 541 343 581 instituendae
353 544 403 582 dedit
412 554 520 595 praecepta3
534 542 683 594 promissionibus
695 542 717 580 dc
727 553 779 592 prae.

182 602 225 643 miis
234 604 324 648 aeternis,
339 604 411 655 pictatis
425 613 443 642 et
452 605 526 643 virtutis
535 592 608 643 strentso
621 604 689 644 cultori
700 605 780 643 reserua-

173 664 218 711 tis,
235 665 314 703 studium
325 665 409 703 ciriunuis
418 664 463 702 boni
472 667 572 717 peragendi
584 667 666 704 maxime
679 664 767 704 excitauit
773 675 782 711 ς’

180 724 352 777 praestantissimum
372 725 465 766 absolutae
486 725 584 766 traditatis
601 724 708 778 exemplum
724 725 779 764 nobis

180 787 266 839 praebuit
276 795 295 827 et
306 788 395 827 arrrilinm
405 789 488 828 diuinum
498 790 520 828 nd
529 787 603 838 quusuis
615 788 743 834 difficultates,
759 786 778 825 in

181 850 295 902 praescripto
316 850 370 889 nobis
384 850 476 889 curriculo
488 850 610 902 superandas,
636 850 662 888 est
679 849 779 902 pollicitus.

181 912 207 962 4)
218 910 282 951 Fusius
290 911 344 950 nobis
353 911 379 950 cli
394 909 500 958 r'ecsemtim
519 912 561 961 quia
576 911 682 963 disciplinae
693 900 735 951 suae
748 910 780 948 ad-

181 972 240 1012 dictos
250 986 287 1013 non
301 974 360 1012 solum
377 986 387 1011 a
400 972 482 1014 molestis
495 974 540 1026 legis
554 972 649 1014 mosaicae
661 971 779 1012 caerimoniis

180 1034 278 1082 liberauit,
294 1035 325 1073 sed
335 1036 390 1074 ctiam
400 1036 474 1075 tandem
487 1035 539 1075 omni
554 1035 620 1086 eripiet
633 1037 682 1075 malo
695 1042 714 1075 et
728 1028 778 1075 vitae

180 1094 290 1137 beatissimae
299 1096 340 1149 post
348 1106 430 1137 mortem
438 1097 504 1137 reddet
516 1097 619 1151 participes·

398 1196 417 1252 p.
449 1197 572 1238 cunnrrru

239 1277 323 1330 Simplici
334 1278 368 1318 hac
377 1279 399 1317 dc
410 1278 495 1325 Christo,
511 1280 604 1318 seruatore
617 1277 691 1324 nostro,
711 1274 779 1315 dourr-

182 1353 205 1379 na
215 1353 252 1379 non
262 1353 326 1379 omnes
335 1341 411 1380 scierunt
421 1340 511 1386 contenti,
527 1340 558 1379 sed
566 1341 602 1379 iarn
612 1339 635 1378 ab
644 1338 723 1386 antiquis
732 1346 779 1377 tem-

146 1423 151 1426 »
180 1402 258 1453 poribus
267 1401 316 1440 hcud
324 1402 377 1453 pauci
388 1405 445 1442 multa
456 1401 541 1441 sublimia
552 1409 571 1441 et
584 1415 594 1441 a
607 1409 661 1454 captu
673 1402 778 1451 plerorum-

182 1476 217 1513 que
228 1463 374 1503 Christianorum
385 1470 457 1503 remota
467 1463 528 1509 iniis,
543 1476 589 1512 quae
597 1459 683 1514 Apostoli
691 1462 713 1499 de
723 1459 779 1499 Chri-

181 1524 210 1564 sto
219 1525 303 1574 tradunt,
319 1525 403 1564 inuenire
412 1525 445 1564 fibi
456 1526 498 1564 sunt
510 1525 541 1562 visi
554 1533 573 1564 et
586 1525 675 1564 formulas
686 1523 777 1572 qrrasdanr

182 1587 269 1625 credendi
279 1586 318 1625 aliis
328 1587 452 1638 praeiuecunt,
468 1599 511 1634 qius
521 1586 543 1625 ad
552 1585 648 1625 hominnm
658 1587 734 1624 salutern
746 1596 778 1623 ne.

180 1648 308 1688 ccsszrriasessc
317 1649 413 1687 crederent
422 1660 512 1697 eumque,
529 1647 560 1696 qui
573 1647 594 1686 iis
607 1660 644 1686 non
658 1654 753 1691 nteretnr,
767 1658 779 1686 a

180 1708 229 1749 retia
238 1710 274 1748 fide
284 1707 387 1762 longissime
402 1711 487 1749 oberrare
502 1718 520 1748 et
535 1709 649 1748 haereticum
664 1708 698 1746 esse
711 1709 778 1746 volne-

180 1781 229 1811 runt.
261 1772 279 1810 Si
290 1773 378 1822 quaedam
388 1772 407 1810 in
415 1772 443 1810 iris
453 1771 508 1809 rebus
522 1772 562 1811 snnt
571 1783 647 1816 arcana,
664 1770 730 1808 rnelius
743 1769 777 1816 est,

179 1834 303 1886 ignorantiam
316 1835 366 1873 snam
379 1834 443 1883 fateri,
461 1845 514 1882 qunrn
528 1845 549 1870 en
563 1832 638 1871 definire
651 1834 710 1877 velle,
731 1843 777 1879 quae

180 1908 218 1934 non
228 1895 269 1934 satis
278 1895 353 1947 postirnt
362 1895 440 1947 intelligi
451 1902 470 1933 et
483 1897 551 1933 nullam
564 1893 673 1942 utilitatem,
695 1893 726 1931 seu
739 1899 778 1931 tan-

180 1964 219 1995 tum
229 1956 278 1996 rinus
288 1956 368 2008 pariunt.
399 1955 489 2008 iniungis
499 1951 609 2007 de⁴persona
619 1953 688 1995 Christi
701 1954 776 2007 eiusque

180 2017 305 2067 stitisiuitione
318 2017 471 2070 disputationibus
484 2018 544 2057 omnis
556 2018 687 2056 sententiarum
703 2015 777 2056 diuersi-

181 2087 208 2119 tas
218 2080 260 2118 inde
269 2080 350 2121 manime
362 2079 387 2118 est
397 2087 447 2129 ortu,
464 2081 513 2128 quod
522 2079 552 2118 alii
559 2076 599 2120 fere
608 2078 681 2132 omnia,
697 2091 743 2129 quae
753 2078 776 2116 de

179 2203 257 2255 proprio
272 2211 290 2242 et
303 2205 362 2243 vnrins
374 2203 529 2257 excogitaverunt
540 2201 663 2255 hypotheses,
685 2204 708 2242 ad
719 2201 777 2241 inter·

179 2265 293 2318 pretatioues
302 2267 340 2305 suas
350 2265 476 2318 stabiliendam
495 2265 526 2307 alii
540 2266 629 2323 quaedam
642 2266 694 2305 sensu
706 2264 776 2315 impro—
810 2274 811 2278 ¹

735 2337 776 2379 prro
