1702 2774
177 178 211 233 98
398 181 508 218 CAPVT
535 186 559 219 V.

180 280 262 336 perituri
270 278 355 319 Henrico
366 277 398 320 IV.
408 278 440 319 ubi
449 279 579 333 episcoporum
588 276 721 320 inuestituram
736 276 781 321 conss

182 347 247 384 cedere
255 339 328 380 nolenti
337 349 356 381 et
364 340 408 381 ideo
417 341 548 381 commuuione
554 343 638 380 ecclesiae
645 342 725 395 priuato,
735 343 780 389 siue,

182 414 204 445 vt
212 403 269 457 vulgo
278 402 315 453 diei
324 405 382 451 folet,
398 402 572 456 excommunicato,
588 415 626 442 non
634 405 666 443 nifr
679 403 720 458 post
728 417 780 445 acer·

182 467 226 505 barn
239 465 374 517 poenitentiam
389 464 483 505 commissa
502 464 625 510 condonarit,
645 465 729 515 quamuis
747 465 779 518 ipsi

181 527 247 579 postea
255 527 328 568 dederit
340 539 418 580 poenes,
434 527 493 578 etqui
505 526 575 579 primus
583 527 605 565 ad
615 528 718 578 potentiam
728 528 781 567 sumi

182 600 206 626 eo
223 589 284 642 magis
301 590 409 628 firmandam
425 588 565 628 matrimonium
582 587 679 628 interdixit
701 588 779 631 clericis.

182 651 270 706 Qrtentos
282 649 354 703 gesserit
367 649 451 700 spiritus,
475 650 549 690 decreta
562 650 612 696 eius,
634 662 681 700 quos
692 646 781 692 (littaris
800 661 806 676 ··

181 709 274 757 vocabit,
287 709 329 749 fatis
340 708 428 750 indicant.
458 709 574 749 successores
589 712 627 750 eius
641 712 705 751 endem
719 712 780 751 domi-

150 767 151 770 *
180 773 238 812 nandi
250 770 349 824 cupiditate
362 768 436 822 impulsi
448 769 560 809 miscuerunt
571 771 621 809 saera
633 774 727 822 profanis,
744 773 780 812 ‘fibi

182 836 255 873 clauem
264 841 283 872 et
291 830 369 871 fulmina
377 831 424 871 coeli
432 830 585 877 vindicruerunt,
598 833 631 871 suo
641 829 719 872 arbitrio
731 833 780 874 bella

181 895 231 936 inter
240 894 331 948 principes
339 893 443 932 excitarunt
453 901 471 932 et
481 906 544 945 pacem
554 895 708 946 composuerunt3
725 907 780 945 quos-

184 957 227 997 darn
236 969 289 1008 reges
302 955 349 994 folio
362 961 463 994 mouerunt
475 963 493 992 et
505 955 552 993 alios
565 955 584 994 in
597 967 664 995 eorum
680 958 780 1007 posuerunt

182 1020 239 1066 loc03
256 1017 389 1062 definiuernnt,
405 1016 449 1063 quid
459 1016 571 1054 credendum
581 1024 599 1055 et
612 1029 650 1055 non
665 1019 779 1057 credendum

183 1078 239 1127 esset3
254 1076 359 1119 haereticos
367 1075 501 1134 irrqur'strr'om's
515 1072 625 1125 triburensi,
642 1079 693 1129 qnod
707 1092 778 1118 inuo-

184 1152 300 1181 CENTlvs
309 1139 341 1181 III,
353 1139 423 1184 erexit,
438 1147 560 1178 coercuerunt
573 1149 591 1178 et
603 1140 732 1190 peecatoribus
746 1154 778 1179 ve.

183 1201 234 1242 niam
243 1200 352 1240 detittonm
361 1201 435 1239 litorum
445 1212 480 1250 pro
489 1207 550 1251 parata
563 1200 641 1251 pecunia
649 1201 779 1249 vendiderunt,

184 1275 240 1312 quam
252 1259 426 1319 indulgentiarum
441 1257 606 1301 derrrrrrdrrtr'orrrm
619 1274 778 1303 nourrncrvs
808 1314 810 1316 v

183 1319 235 1365 VIII.
244 1322 332 1373 instituit3
346 1321 432 1370 quicquid
442 1321 482 1359 inre
487 1321 536 1359 cirilli
547 1322 633 1371 consequi
641 1335 678 1361 non
686 1333 778 1373 poterunt,

182 1382 227 1424 iure
235 1382 340 1433 carrorum,
355 1381 405 1430 qnod
416 1380 514 1420 dormitare
522 1393 606 1420 EVGEN
614 1395 632 1422 rt
642 1385 676 1425 Ill.
692 1397 701 1421 a
715 1376 779 1424 mone·
811 1394 813 1403 ¹

184 1444 220 1484 cho
231 1455 365 1483 onnrinuo
375 1441 507 1480 contrutinet
517 1441 565 1480 circa
575 1456 642 1481 annum
652 1458 687 1496 1151
697 1445 778 1495 publica-

183 1512 224 1544 tum
234 1505 270 1551 est,
289 1503 375 1552 consequi
386 1503 488 1543 studebant.
524 1503 627 1559 Quousque
640 1506 658 1542 se
673 1508 778 1546 extenderit

183 1566 295 1605 Pontificum
308 1566 437 1611 Romanorum
451 1563 549 1609 aritorites,
573 1576 597 1602 ex
608 1561 735 1619 bellosdcro,
753 1570 777 1607 ad

174 1623 301 1667 'Palaestinam
310 1625 381 1667 Turcis
392 1624 504 1677 eripiendam
516 1625 589 1664 monitu
600 1638 678 1668 PETRI
690 1625 777 1671 Eremi-

184 1698 217 1731 trre
228 1696 246 1729 et
255 1701 357 1729 vunnur
368 1687 392 1728 ΙΙ.
401 1687 514 1739 persuafrone
523 1685 542 1725 in
557 1688 637 1727 concilio
646 1688 776 1732 Cluromonta-

182 1764 208 1790 no
217 1753 299 1796 decreto,
313 1763 362 1790 enno
372 1750 570 1802 1095sufieptoatque
580 1762 612 1800 per
622 1750 711 1791 ducentos
717 1765 776 1793 annos

183 1814 302 1858 continuato,
318 1812 366 1863 quod
376 1811 508 1863 superstitionis
518 1812 608 1864 temporis
616 1811 670 1852 huius
679 1822 775 1856 aeternum

182 1875 218 1915 erit
231 1883 384 1922 monumentum,
402 1873 488 1925 colligere
501 1873 551 1918 licet.
579 1873 632 1914 Nihil
654 1874 736 1916 dicemus
752 1878 775 1917 de

182 1938 266 1977 moribus
274 1939 375 1976 multorum
386 1935 630 1976 Pontincnmuomnorum
638 1934 725 1987 perimis,
735 1939 775 1989 qui.

181 1999 215 2039 hus
225 1999 283 2039 vitam
290 2000 341 2038 frum
351 1996 470 2037 reddiderunt
477 1996 566 2037 infamem
574 2004 593 2036 et
602 1996 633 2047 qui
643 1999 676 2037 fuo
685 2001 773 2053 contagio

181 2064 242 2111 plnres
252 2062 297 2102 alios
306 2060 411 2099 infecerunt
415 2071 421 2111 3
438 2059 479 2110 quia
486 2061 524 2100 huc
533 2071 591 2110 usque
600 2057 646 2098 uitta
654 2061 677 2099 ad
691 2064 773 2115 propoli.

181 2129 221 2162 tum
232 2123 314 2164 nostrum
327 2121 426 2162 sufficiunt.

238 2246 328 2299 Magnum
336 2246 373 2286 hoc
382 2180 466 2297 tempiore
471 2241 634 2300 sedolrzsticor'urrr
647 2258 716 2286 nomen
728 2246 771 2291 fnit,

179 2306 237 2350 Erant
250 2318 310 2349 autem
324 2308 424 2349 scholastici
437 2307 521 2348 dottores
534 2307 553 2347 in
566 2308 632 2349 scholis
648 2308 749 2349 maioribus
760 2324 771 2350 a

710 2371 771 2411 Caro.
