1702 2774
173 185 206 240 92
392 176 504 220 curun
529 166 570 221 vj‘

174 286 216 334 nis,
231 295 286 336 quam
294 279 395 323 Catholicis
402 281 494 333 fauorem,
509 280 644 335 probauerunt.
674 281 696 323 Iu
707 274 773 325 orien-¹

175 358 194 391 te
207 349 301 390 Persarum
313 357 367 398 reges
381 344 414 385 fibi
427 344 519 385 subterior
532 343 646 385 Christianos
658 345 684 384 ob
695 345 771 399 religio-

175 424 219 452 nem
227 422 237 447 a
245 397 383 457 seculo'quarto
392 409 509 460 perlongum
517 412 591 458 tempus
604 407 657 458 saepe
671 409 726 447 valde
737 421 772 448 ue·
838 443 841 445 Α

174 476 272 513 xauerunt.
307 467 384 509 Maiora
397 468 456 509 adhue
474 467 529 508 rebus
545 465 694 508 Christianorum
708 470 771 509 seculo

175 531 254 582 septimo
267 530 306 569 orti
318 527 467 573 uniloquam
479 529 581 569 intulerunt
594 528 716 577 detrimenta,
740 531 773 581 qui

174 591 230 630 breui
237 598 323 642 tempore
331 592 447 629 Graecorum
460 591 604 642 imperatoribus
618 591 684 631 multas
700 590 773 641 eripue-

174 659 219 691 runt
226 650 330 703 prouincias
338 660 356 689 et
364 650 384 686 in
392 649 428 688 illis
441 662 511 688 nouam
521 652 572 690 suam
585 651 697 702 religionem
704 650 773 691 stabili-

132 713 133 716 ’
174 725 197 752 re
206 711 248 752 sunt
258 710 319 748 conati
329 716 348 747 et
356 707 422 747 deinde
431 709 494 747 seculo
503 707 570 747 oftauo
579 723 613 760 per
619 708 704 751 Africam
712 725 772 762 usque

174 773 195 812 in
211 769 319 823 Hispaniam
337 769 425 825 progressi
440 781 481 810 eam
495 768 529 809 sub
542 770 593 810 suam
604 771 724 827 'redegerunt
739 785 774 826 po·

176 833 267 879 testatem.
387 838 389 841 ’

420 924 438 986 q„
469 923 522 975 cm

235 1018 348 1061 Commodis
361 1019 498 1072 Episcoporum
514 1026 533 1059 et
545 1015 625 1060 aliorum
642 1019 726 1061 ecelefiae
740 1022 774 1061 riu·¹

177 1082 250 1124 norum
264 1081 438 1131 constantiorem.
452 1081 536 1134 partibus
549 1081 697 1122 Christianorum
709 1083 774 1124 adiun.

177 1145 228 1191 nus,
242 1140 370 1198 benignissime
379 1143 486 1197 prospexit;
505 1142 553 1183 iusto
565 1152 627 1183 autem
640 1140 685 1196 plus'
694 1144 731 1185 illis
745 1146 774 1186 iu-

178 1202 249 1247 [tuilsse
261 1205 347 1252 videtur,
362 1206 407 1244 dum
419 1204 542 1246 hierarchiam
555 1202 692 1246 eccleliastieam
707 1207 775 1246 constr

177 1268 225 1311 unit:
239 1267 281 1306 iude
292 1265 361 1306 latium
369 1267 404 1316 est,
417 1275 439 1306 vt
447 1267 529 1318 plerique
542 1263 620 1316 clerici,
635 1267 672 1306 hoe
681 1267 730 1307 enim
739 1281 773 1307 no·

178 1329 240 1374 mine,
254 1327 286 1376 qui
295 1326 319 1366 ad
326 1328 410 1366 ordinem
421 1327 559 1367 erclelastlcum
568 1328 708 1374 referebantur,
722 1342 732 1367 a
745 1343 774 1370 re·

118 1408 120 1411 ⁴
177 1389 233 1439 liquis
243 1387 367 1435 Christianis‚'
377 1400 423 1438 quos
432 1385 494 1430 luteos
503 1387 603 1435 vocabant,
618 1390 637 1427 se
646 1388 774 1439 distinxerunt,

178 1449 264 1502 superbia
277 1449 319 1487 elati
330 1450 349 1486 se
362 1455 415 1488 totos
428 1449 450 1487 ad
464 1449 531 1500 fastum
545 1458 681 1499 componerent
695 1452 774 1500 suaeque
816 1495 817 1498 Ἴ

177 1509 265 1548 auaritiae
274 1505 346 1547 nullum
355 1510 446 1560 ponerent
454 1509 539 1553 morium.
567 1507 650 1547 Historia
658 1510 774 1551 ecclesiastica
798 1514 803 1523 “

179 1571 221 1609 sutis
231 1569 299 1616 docet,
315 1577 361 1619 quot
374 1569 437 1608 turbas
448 1581 470 1609 er
478 1582 501 1608 eo
509 1577 594 1621 tempore
607 1569 729 1610 excitauerint
738 1573 775 1610 cle.

178 1632 213 1682 rici
223 1638 241 1672 et
251 1639 364 1685 quantopere
372 1630 421 1671 abusi
430 1631 463 1671 smt
471 1630 561 1684 religione
573 1631 596 1671 ad
605 1632 623 1671 se
632 1631 713 1674 inuicem
727 1632 774 1673 inse-

179 1695 258 1738 neruos
266 1696 314 1736 etad
327 1694 383 1744 alim,
400 1706 447 1746 quos
460 1694 496 1735 suis
508 1694 670 1735 consiliis-obstare
683 1695 775 1738 existimu-

178 1766 235 1807 reut‚'
253 1758 390 1813 opprimendos.
431 1757 497 1798 Videri
510 1756 600 1798 volebant
612 1758 659 1800 fidei·
668 1759 743 1801 unitatis
755 1760 776 1802 in

177 1821 277 1871 omnibus,
297 1821 381 1871 quamuis
393 1832 487 1870 nunquam
499 1821 609 1872 sperandae,
624 1821 698 1861 studiosi
711 1821 746 1862 esse
755 1830 775 1863 et

178 1884 203 1922 sic
211 1884 318 1923 animorum
326 1883 415 1922 unitatem
424 1883 460 1921 siue
470 1881 601 1929 concordiam,
615 1884 672 1935 longe
680 1883 738 1935 pluris
747 1897 776 1924 ae·

179 1944 295 1990 sumendam,
304 1947 358 1994 plane
367 1943 485 1996 negligebant
494 1950 513 1982 et
522 1943 612 1984 sentiendi
620 1944 710 1984 tollebant
719 1944 775 1985 liber-

179 2012 244 2052 tatem,
251 2006 287 2045 line
296 2004 358 2055 quain
370 2003 453 2044 ueritatis
462 2003 569 2057 cognitione
578 2005 638 2044 nullus
647 2005 681 2044 erit
690 2008 775 2059 progres-

179 2067 216 2109 sus,
246 2068 265 2106 Si
275 2067 315 2117 quis
324 2064 409 2109 coneilio
427 2065 563 2113 oecmmuicu,
583 2066 602 2106 in
616 2065 683 2115 quibus
696 2079 719 2108 ex
731 2075 774 2109 toto

178 2127 259 2180 imperio
269 2129 356 2169 Romano
366 2127 447 2180 episcopi
455 2128 478 2167 ad
485 2127 527 2167 fidei
540 2128 672 2169 controuerlias
687 2129 774 2170 dirimen-

179 2190 212 2227 das
222 2190 358 2229 conueniebanr
370 2197 389 2228 et
398 2185 488 2244 splendor
498 2188 535 2227 srue
549 2189 678 2241 episcoporum
692 2203 716 2229 ex
730 2204 775 2241 qua·

179 2251 222 2288 riam
232 2250 327 2300 prouincia
336 2251 359 2288 nl
368 2251 448 2289 eundem
457 2251 512 2288 finem
526 2250 678 2303 congregationes
693 2252 775 2290 confide.

178 2311 258 2360 anuuit³
272 2310 326 2351 focile
335 2311 417 2361 videbit,
431 2310 546 2363 quantumin
560 2311 595 2353 illis
604 2313 683 2353 ralrierit
694 2307 775 2363 partium

570 2377 573 2383 “
688 2374 776 2425 studium,
