1702 2774
183 138 227 186 106
408 145 521 183 cnrvr·
546 148 572 185 v.

180 246 252 287 animos
267 243 408 286 Protestantirrur
421 258 432 287 a
447 246 466 284 se
478 244 559 285 inuicem
575 243 673 288 nitransse
691 254 710 286 et
728 249 776 290 inter

180 308 350 359 Wittenbergenses
359 314 378 347 et
385 307 485 349 Heluetios
494 309 598 347 nonleuenr
607 305 698 362 peperiss'e
707 309 776 350 discor.

179 371 234 413 diam,
264 369 320 410 Erant
328 369 403 420 quidem
415 379 458 409 tune
467 377 485 408 et
492 369 545 421 saepe
556 368 619 422 postea
628 362 728 424 viri'pacis‘
737 371 774 410 stu-

177 432 222 480 diosi
230 430 253 470 ab
263 438 341 480 utraque
351 440 412 484 parte,
428 431 460 481 qui
472 429 561 471 unionem
574 439 677 484 tentarent3
696 434 727 472 sed
742 433 773 473 alii

177 504 232 531 caeco
242 492 315 545 abrepti
324 496 376 545 zelo,
392 493 540 547 praecipuarum
554 506 664 534 enrvrrrr
678 491 703 536 de
711 508 773 551 prrae-

175 550 305 607 destinatione
313 552 416 610 sententia
433 567 500 594 nouam
517 555 599 608 litigandi
612 555 708 595 materiam
722 568 773 607 prae-

175 614 253 665 buisset,
275 617 326 656 omni
339 617 358 655 id
372 624 449 666 egerunt
463 615 524 655 studio
529 650 535 669 ‚
555 625 577 657 vt
588 617 690 670 disruptum
703 616 772 657 amoris

175 675 273 717 vinculum
287 687 379 724 nunquam
393 676 510 716 coalesceret.
550 678 681 718 Prudentiores
698 692 745 718 vero
761 691 771 717 e

173 736 310 793 Refnrrmatis,
323 736 359 775 liue
368 735 400 785 iis,
417 735 448 785 qui
458 734 548 788 Zwinglii
557 746 589 776 aut
600 740 673 779 Caluini
683 741 771 793 dogmata

172 799 260 852 probant,
277 805 295 838 et
305 795 584 856 Errangelicodardanus,
599 799 635 837 une
643 799 676 845 iis,
692 800 724 849 qui
733 801 770 839 Lu-

169 860 221 900 rheri
237 862 337 911 sequuntur
350 859 426 911 placita,
451 860 573 906 confitentur,
592 859 714 900 differentiam
729 861 770 913 opi-

171 922 249 961 nionum
259 922 354 971 Vtriusque
363 920 491 959 eeclefiaenon
503 920 538 959 esse
551 929 632 967 tantam,
650 930 671 961 vt
685 930 768 962 mutuam

171 984 194 1021 ad
206 983 301 1036 religionis
314 983 414 1022 commoda
427 982 556 1033 promouenda
570 982 686 1022 harmoniam
698 993 717 1022 et
725 984 769 1022 fra.

171 1051 242 1084 ternam
252 1044 356 1087 animorum
366 1042 507 1099 propensionem
517 1045 556 1082 vllo
569 1039 727 1096 rnodoimpedire
737 1045 768 1082 de-

170 1105 220 1149 beat,
251 1105 271 1145 Si
280 1105 321 1154 quis
332 1105 354 1143 de
365 1105 399 1143 hac
405 1104 535 1143 sententiarum
545 1104 648 1144 diuersrtate
657 1113 676 1144 et
685 1105 724 1144 aliis
733 1118 767 1145 no-

168 1167 198 1207 uis
208 1175 246 1206 tam
251 1168 299 1206 inter
307 1167 356 1218 ipsos
362 1166 489 1214 Reformatos,
494 1178 549 1215 quam
560 1166 682 1212 Lutlreranos,
691 1167 766 1206 diuisio-

168 1228 224 1267 nibus
233 1238 251 1269 et
256 1228 311 1267 variis
321 1227 344 1266 ab
353 1236 437 1280 utraque,
445 1226 473 1266 vti
482 1227 582 1266 aRomana
590 1228 670 1274 ecelesia,
679 1229 765 1280 separatis

169 1289 238 1340 etpost
250 1289 405 1328 reformationem
418 1288 465 1327 natis
477 1287 529 1328 settis
543 1300 581 1327 non
595 1289 677 1341 maligno
692 1297 711 1328 et
725 1302 766 1340 par-

167 1351 213 1389 tium
223 1350 283 1390 studio
293 1358 392 1388 occaecato
402 1349 464 1388 animo
474 1349 554 1387 iudicare
567 1349 624 1395 velit,
645 1357 687 1388 ante
701 1351 765 1389 omnia

166 1412 212 1451 illud
225 1411 276 1452 Pauli
289 1408 358 1453 ditum
372 1418 445 1450 teneat:
469 1409 572 1450 examinate
586 1410 649 1449 omnia
661 1419 680 1449 et
691 1411 763 1450 borium

166 1474 252 1515 retinete.
283 1472 361 1514 Amicus
370 1473 424 1510 nobis
434 1472 454 1511 rit
462 1471 562 1517 lutherus,
577 1473 646 1511 amicus
656 1472 763 1526 Zminglr'us

166 1543 185 1575 et
195 1535 294 1583 Caluinus,
308 1532 377 1572 amicus
388 1534 493 1582 Arminius,
511 1532 550 1576 imo
562 1532 600 1586 ipre
614 1533 702 1582 Soeinus,
730 1534 762 1573 sed

166 1596 225 1649 magis
234 1596 294 1638 amica
303 1595 377 1641 vetitas.

404 1693 422 1748 a.
455 1692 525 1737 cmv.

225 1772 333 1831 Praecipio
341 1773 498 1828 Proaestaotiura
509 1774 658 1832 gerrtrirrorrrum
678 1774 709 1825 qui
721 1775 759 1814 Re.

162 1837 288 1880 formatorum
299 1849 361 1876 reram
371 1836 486 1876 imbiberunt
493 1845 587 1884 mentem,
603 1835 648 1874 haee
657 1837 759 1877 sere'sunt:

164 1904 183 1949 ι)
191 1900 209 1937 in
219 1898 309 1950 religione
319 1897 413 1938 christiana
421 1910 459 1936 non
467 1897 565 1937 autoritate
572 1897 663 1946 humana,
679 1898 710 1937 sed
722 1900 759 1938 cla·

162 1961 187 2003 ris
196 1960 300 2012 Seriptrrrae
310 1960 370 1998 sacrae
384 1958 478 1999 sententiis
488 1967 506 1999 et
518 1961 571 1999 sanae
580 1958 663 2016 rationis1
670 1959 757 2010 praescri.

161 2021 197 2073 ptis
207 2022 288 2060 standum
298 2020 346 2067 esse3
362 2026 383 2070 2)
392 2020 512 2060 eonscientiae
526 2030 544 2060 et
553 2020 642 2059 sentiendi
652 2020 757 2062 libertatem

161 2082 216 2125 nullis
224 2082 295 2135 legibus
306 2082 390 2122 humanis
400 2081 435 2121 else
445 2084 566 2122 coercendam
577 2088 595 2120 et
606 2080 664 2120 cuiuis
677 2094 756 2121 examen

159 2144 209 2189 fidei,
219 2158 229 2183 a
239 2144 344 2195 parentibus
353 2153 371 2183 et
381 2142 488 2182 durioribus
497 2144 532 2183 suis
546 2150 637 2194 acceptae,
650 2143 716 2192 licere3
731 2147 753 2199 3)

160 2209 210 2249 nulla
220 2207 238 2245 ri
250 2207 337 2244 utendum
348 2206 383 2245 esl'e
394 2205 412 2244 in
422 2204 478 2250 alioS,
491 2216 570 2255 quorum
579 2205 666 2245 sententia
678 2207 700 2244 de
716 2205 755 2255 qui·

158 2269 236 2311 busdam
252 2266 356 2321 theologiae
371 2266 489 2323 dogmatibus
503 2266 585 2308 anostra
597 2265 669 2307 differat
684 2274 703 2306 et
715 2275 755 2304 tan-

714 2335 756 2368 illm
