1702 2774
203 140 247 199 168
407 147 519 185 eanvr
547 147 586 186 tx.

205 260 277 306 parare.
300 245 366 302 Qnaiis
374 253 436 287 antem
445 245 476 288 itia
485 244 542 286 fuerit
551 244 613 296 arbor,
627 259 665 287 non
672 241 737 297 'liquet
761 248 802 286 Nn·

207 326 262 357 rnen,
277 322 314 359 quo
322 308 430 363 insignitor,
444 312 475 349 vet
485 321 509 349 ex
518 317 584 348 euentu
593 309 720 360 explicandum
731 308 762 356 est,
772 310 802 348 vet

206 374 258 416 idem
269 374 333 419 natea,
358 373 409 423 qnod
422 371 478 413 arbor
490 370 597 423 prudentiae
610 372 670 413 Dent.
683 373 702 421 l,
717 384 748 423 39.
768 371 803 414 Ios.

207 433 297 481 Vttsre.
330 432 399 483 Mors,
414 446 468 485 qnam
478 433 529 475 Deus
539 433 602 486 primis
611 433 718 485 parentibus
726 433 805 474 commi·

207 497 299 546 nabator,
315 506 387 550 praeter
397 506 477 539 mortem
485 499 597 541 naturalem,
615 495 702 547 qnaeris,
711 507 764 545 v(prae
772 495 805 534 tbi

208 558 323 600 eontrattnri
334 559 401 607 essent,
416 560 463 598 mata
477 558 613 612 completiitnr.
644 559 674 596 Ex
688 557 805 608 quorundam

206 622 299 664 sententia
307 633 371 673 parom
380 619 473 671 probabili
480 631 532 659 mors
545 619 591 667 haee
604 621 732 664 omnimodam
745 619 806 660 homi·

208 683 238 725 nis
247 680 390 723 restructionem
399 687 458 723 notat.

238 763 270 805 De
278 761 402 815 appellatione
411 760 483 803 arboris
492 759 577 801 scientiae
586 759 633 800 boni
645 768 664 801 et
676 761 720 800 mali
734 763 807 805 conset.

269 836 404 866 vrrnanna
417 823 437 864 in
451 818 626 880 Obseruatz'onibos
631 818 701 879 scretis
715 824 759 871 Lib,
772 824 806 866 lV.

270 899 311 940 cap.
325 898 354 930 120

440 964 461 1021 p.
492 964 581 1008 cerva

268 1046 376 1088 Secundum
386 1045 510 1086 narrationem
518 1046 577 1086 nrots
586 1047 633 1086 Gen.
644 1044 692 1092 111,1
701 1047 751 1096 seqq.
760 1044 808 1087 astn-

208 1107 235 1162 tia
244 1115 263 1148 et
271 1109 389 1162 instigatione
399 1108 487 1162 serpentis
496 1107 564 1148 saetam
574 1108 607 1156 est,
623 1115 644 1147 vt
653 1107 714 1148 sentin
723 1109 755 1148 fibi
765 1122 808 1161 pro·

208 1169 271 1210 hibita
286 1170 342 1222 primi
357 1172 476 1211 vescerentur
493 1178 577 1223 parentes
597 1175 615 1207 et
627 1170 759 1210 inconsiderata
777 1172 809 1209 sna

210 1232 277 1284 agendi
286 1231 384 1271 rationein
393 1232 446 1272 vaide
455 1231 524 1271 tristem
536 1231 638 1270 inciderent
651 1231 722 1271 statam.
755 1232 808 1271 Haec

210 1305 277 1332 eornm
291 1292 384 1333 temeritas
398 1305 440 1332 enm
458 1293 511 1332 malis
526 1292 570 1331 inde
587 1293 633 1331 ortis
652 1293 718 1332 dicitnr
735 1290 808 1350 lapfin.

208 1353 290 1407 Prolapli
301 1355 351 1395 enirn
361 1356 401 1394 sont
411 1366 433 1394 ex
441 1355 479 1394 vita
492 1354 545 1394 beata
558 1353 577 1392 in
587 1355 639 1393 vaide
651 1355 735 1394 miseram
749 1366 768 1395 et
781 1356 807 1394 nb

209 1416 283 1457 facinus
293 1417 348 1456 sonan
357 1415 474 1456 commissum
484 1428 560 1468 grauem
569 1417 643 1454 inernnt
651 1428 737 1466 poenam.
769 1418 809 1457 Sta·

209 1477 244 1517 tim
252 1478 347 1517 senserunt
360 1477 443 1527 corporis
453 1476 480 1515 sni
492 1476 524 1516 sabi
537 1475 633 1515 motestam
647 1477 769 1518 mutationem
783 1487 808 1524 et,

211 1535 275 1579 amissa
288 1538 355 1580 mentis
371 1538 512 1588 tranquillitate,
536 1537 591 1578 variis
604 1538 667 1589 agitati
681 1540 723 1579 sont
736 1541 810 1594 angori-

210 1600 253 1642 bns.
284 1598 343 1639 Ereta
352 1600 420 1638 deinde
429 1614 439 1639 e
448 1600 530 1649 paradiso
539 1599 558 1637 in
571 1599 641 1638 duriori
655 1599 704 1639 vitae
719 1602 810 1641 conditio·

210 1673 234 1701 ne
245 1673 304 1711 nsque
314 1661 337 1699 ad
347 1670 428 1701 mortem
439 1661 480 1700 sont
492 1660 565 1704 versat.
600 1659 683 1702 Permisit
695 1662 748 1702 Dens
760 1663 810 1703 hunc

208 1735 278 1763 eorum
287 1724 356 1774 lapsum
366 1722 392 1762 ob
402 1723 484 1763 rationes
494 1719 644 1775 sapientiffimas,
664 1723 748 1775 inprimis
764 1739 810 1775 qno·

208 1784 260 1824 niam
273 1796 340 1824 eornm
349 1784 455 1824 libertatem
467 1784 595 1826 intemeratam
609 1783 645 1824 esse
657 1785 718 1826 voluit
732 1793 751 1827 et
763 1799 811 1837 qno·

208 1846 260 1886 niam
273 1845 338 1896 malis,
361 1845 429 1896 quibus
442 1845 586 1899 premebantur,
605 1847 702 1887 salutarem
713 1856 810 1899 parauerat

208 1907 327 1948 medicinam.
358 1908 390 1947 De
405 1907 450 1947 seria
459 1920 525 1947 eornm
538 1906 671 1961 refipiseentia,
690 1920 726 1958 qua
740 1908 810 1949 fauoris

210 1968 269 2008 diuini
282 1970 344 2009 rursus
359 1968 457 2021 participes
470 1970 512 2010 sont
525 1967 579 2021 rant,
600 1971 661 2010 nunus
673 1968 810 2028 dubitantipest

167 2087 169 2090 Ι
209 2031 262 2072 rocus
273 2027 356 2086 (confer.
364 2031 383 2089 ᾗ.
394 2030 512 2084 LXXVII.)

441 2129 458 2193 p.
489 2131 586 2176 cnxvn.

267 2209 299 2254 Ex
307 2212 407 2266 vulgatiori
416 2213 506 2253 sententia
508 2210 605 2268 serpent,
621 2214 653 2264 qni
664 2212 736 2267 primos
749 2212 810 2254 homi-

209 2270 243 2318 nci
252 2275 276 2316 ad
284 2276 347 2331 legem
354 2275 398 2317 Dei⁴
404 2275 426 2317 de
434 2271 497 2318 startia
505 2275 579 2336 arboris!
587 2274 655 2318 vetitae
662 2288 701 2317 non
711 2275 810 2317 comeden-

784 2337 811 2379 do
