1702 2774
187 150 235 202 ma
363 186 365 188 ,
407 148 521 186 enarr
545 151 570 185 a

190 249 256 291 iterius
266 245 414 290 Particularil'tae
422 246 526 302 affirmant.
565 246 661 289 Conuenit
671 255 735 289 autem
749 248 799 290 inter

193 326 240 360 eos,
253 312 296 352 illos
306 319 379 351 tantum
389 309 455 351 mortis
468 310 539 351 Christi
552 310 648 364 percipere
662 310 743 362 fruetus,
765 312 798 363 qui

191 388 238 416 uera
247 376 284 415 fide
292 374 311 413 in
321 371 417 413 Christum
427 374 509 427 gandent
519 386 576 425 eaque
585 373 608 413 ad
619 385 696 413 omnem
706 374 797 414 virtutem
806 419 813 427 U

191 439 290 479 colendam
300 435 409 481 incitantur.
441 435 538 493 Quoniam
549 448 596 476 vero
604 435 729 488 beneficium,
745 435 797 487 quod

191 497 277 543 Christus
286 498 398 540 hominibus
412 493 532 553 procureur,
547 498 648 550 saepilfime
661 505 681 538 vt
692 497 797 539 vniuersare

189 549 797 615 affimmwfflmmmmfflm

187 639 216 680 15.
230 622 339 672 tTimsll,
354 635 375 676 4.
388 624 410 663 6.
426 622 467 662 Tit.
481 623 510 670 ΙΙ,
530 637 555 665 11.
576 622 638 667 Hebe.
652 623 681 672 ll,
698 638 718 680 9.
738 623 797 665 inter·

188 688 235 728 dum
245 699 292 726 vero
302 691 325 725 vt
333 682 443 737 particulare
455 683 524 729 Matth.
534 693 578 733 XX,
594 691 625 734 28.
640 701 656 728 c.
669 692 747 735 XXVI,
763 693 796 736 28.

186 748 263 798 letali,
280 760 343 801 15.c.
357 748 393 796 xl,
407 759 436 789 tr.
458 754 529 797 cxv,
545 758 572 800 13.
589 748 651 790 Heba.
668 747 706 795 lll,
725 755 757 798 28·
771 748 795 789 acl

186 809 232 853 loca
239 809 286 852 haec
296 808 412 849 concilianda
422 807 467 849 nihil
476 809 502 848 est
510 807 582 862 aptius,
599 821 655 860 quam
668 816 690 849 ut
702 808 794 860 dicamus,

186 876 266 915 salutem
280 872 356 924 quidem
370 871 459 911 omnibus
472 870 582 911 hominibus
598 884 631 924 per
647 870 743 912 Christum
757 866 793 912 esse

185 944 270 991 partam,
290 946 331 974 eam
346 945 393 972 vero
404 945 442 973 non
455 946 522 974 omnes
538 933 572 974 fibi
586 934 666 974 reddere
684 934 792 987 propriam3

185 996 276 1049 quoniam
285 995 335 1036 haud
344 994 398 1048 pauci
407 1008 449 1036 eam
460 995 559 1049 negligunt
569 1002 588 1035 et
597 996 746 1049 conditionibus,
756 997 792 1036 sub
804 997 808 1007 ²

186 1060 254 1111 quibus
263 1057 354 1107 offertur,
370 1069 409 1096 non
417 1055 491 1097 student
500 1058 612 1101 satisfacere.
644 1059 668 1113 2)
677 1057 717 1100 An
726 1071 791 1106 nertio,

184 1120 224 1181 nist
231 1134 271 1179 per
287 1117 390 1175 Christum
396 1115 539 1173 sacratorum,
560 1120 614 1162 nitere
626 1130 731 1168 aeternae,
744 1120 791 1179 fiae

179 1183 279 1243 perennis
283 1181 330 1240 ,rost
337 1178 544 1237 atronemftlutraris,
549 1179 599 1236 fieri
603 1180 663 1239 yroffit
667 1180 790 1240 particeps?

182 1248 231 1288 Sunt
239 1247 328 1295 quaedam
336 1245 364 1293 Ν.
369 1242 394 1283 T.
405 1246 447 1283 loca
456 1242 495 1283 lnh.
507 1253 560 1291 xlv,
570 1247 591 1288 6.
601 1244 644 1286 Au.
654 1244 688 1292 tv,
698 1259 723 1286 12.
734 1258 791 1296 quae,

182 1307 278 1351 Christum
288 1306 363 1346 vnicam
374 1311 459 1344 aeternae
471 1305 572 1346 hominum
585 1306 647 1346 salutis
661 1307 788 1356 craumelle,

181 1370 264 1412 indicare
273 1369 375 1419 videntnr;
382 1367 413 1406 sed
423 1380 465 1407 cum
475 1368 618 1415 consideramus,
625 1370 691 1409 Deum
701 1369 788 1413 omnium

180 1433 282 1476 hominum
293 1431 328 1471 esse
337 1438 409 1484 patrem
418 1436 436 1469 et
445 1429 572 1480 aequtffinnm
585 1431 678 1481 iudicem,
696 1432 728 1482 qui
739 1445 787 1473 nun-

180 1508 237 1548 quam
247 1494 273 1534 ub
281 1491 392 1534 hominibus
405 1490 477 1532 viribus
490 1505 557 1532 eorum
571 1494 642 1533 maiora
654 1493 755 1545 postulabit
767 1502 787 1536 et

180 1558 268 1609 qui-eos,
277 1554 314 1606 ‘qtri
322 1552 417 1595 Christum
428 1553 505 1604 eiusque
515 1553 619 1595 dollrinam
632 1555 669 1594 line
682 1558 720 1596 ulla
731 1559 786 1609 culpa

132 1646 133 1649 =
178 1623 211 1660 sua
224 1619 370 1672 ignoranernnt,
391 1621 500 1663 ettamen,
525 1617 586 1666 quoad
600 1617 640 1657 eius
657 1617 697 1657 fieri
714 1619 786 1670 potuit,

178 1682 241 1723 omnis
250 1678 325 1720 turturis
332 1680 410 1719 filerunt
418 1676 493 1718 studiofi
500 1685 555 1729 atque
565 1679 584 1719 in
594 1692 617 1719 co
626 1692 693 1733 magna
701 1681 785 1721 elabora·

177 1750 246 1785 uerunt
257 1741 364 1794 diligentia,
374 1746 396 1780 vt
405 1739 477 1791 officia,
490 1738 559 1780 arella
571 1741 645 1782 ratione
654 1741 688 1781 nbi
696 1743 784 1796 praescri·

175 1814 219 1860 pta,
235 1802 296 1844 sanlte
304 1806 408 1851 seruarent,
421 1813 461 1842 non
470 1802 547 1855 poenis,
563 1803 595 1842 sed
604 1804 692 1856 praemii<
705 1804 782 1854 afficiet,

175 1880 195 1909 et
204 1880 247 1908 cum
256 1866 294 1920 ipsa
303 1865 398 1918 Scriptura
408 1865 459 1905 sacra
467 1863 515 1916 bene
523 1862 572 1905 falla
586 1872 666 1914 eorum,
682 1867 715 1917 qui
727 1876 781 1909 extra

174 1931 281 1971 ecclefiam.
297 1925 449 1977 tantularum,
465 1939 520 1977 quarn
535 1926 663 1978 christianam,
683 1929 780 1981 vixerunt,

99 1994 102 1997 ’
172 1994 228 2034 laude
238 1999 257 2031 et
263 1989 415 2031 remuneratione
423 1989 480 2042 digna
487 1988 558 2030 iudicat
567 1990 640 2034 Matth.
649 2000 694 2038 ΧΠ,
708 2006 739 2043 41.
744 2007 778 2048 42.

170 2054 214 2098 Au.
223 2055 248 2100 X,
264 2066 298 2108 34.
306 2067 336 2112 35.
351 2051 410 2094 Rom.
421 2051 447 2099 ll,
462 2064 484 2107 13
492 2075 499 2084 ·
507 2064 536 2106 15.
546 2064 585 2092 non
597 2052 634 2098 est,
654 2054 705 2102 qnod
718 2054 779 2095 allen.

171 2118 241 2158 tiamur
254 2115 289 2164 iis,
307 2115 339 2166 qui
353 2121 407 2154 extra
420 2114 515 2155 eccleliam
528 2115 597 2160 nullam
610 2116 687 2155 salutem
701 2124 777 2162 etcum

169 2179 288 2232 Augustino,
311 2177 411 2232 gentilium
428 2176 510 2217 virtutes
529 2177 624 2231 splendida
639 2186 718 2231 peccata
731 2178 776 2228 elle,

166 2249 251 2287 tuentur,
367 2245 370 2250 '

720 2364 775 2408 Chri·
