1702 2774
153 164 171 215 6
214 149 434 215 *ansoaoerrn
465 156 689 215 ooc'mnrtcae

153 265 246 331 partium,
266 277 296 316 sed
312 282 383 316 tantum
395 276 477 318 veritatis
490 276 537 317 ratio
552 276 643 326 habetur,
664 272 755 320 celet-tice

155 339 232 379 dicenda
242 339 276 391 est,
293 350 339 388 qnae
349 352 387 389 qno
401 337 501 392 perfeetior
511 338 557 386 erit,
577 350 600 378 eo·
614 340 690 393 propius
703 352 755 380 aece-

154 402 186 441 det
195 402 217 441 ad
227 401 460 454 Theologiambiincam.
492 401 527 441 Vti
540 400 655 453 philosophia
669 403 714 456 ingo
723 415 755 442 an·

153 463 234 504 totitatis
245 463 317 502 excusso
328 463 381 504 breui
390 472 475 517 tempore
484 466 542 517 longe
554 462 620 503 melius
634 466 706 503 exculta
719 463 753 511 est,

154 538 209 576 quam
218 532 271 564 antea
280 526 343 566 multis
351 523 428 573 seculis,
444 527 467 566 fic
479 538 552 577 quoqne
564 525 685 578 sperandum,
702 537 754 565 cotn-

153 592 216 627 menta
227 587 319 634 hnmana,
332 589 398 638 qnibus
408 587 515 641 Theologia
525 601 548 627 ex
562 595 613 641 parte
622 586 683 627 adhue
691 587 754 627 defor-

152 657 202 688 mata
213 648 251 695 est,
268 659 312 689 tnnc
321 651 396 688 demum
407 652 460 700 plane
472 650 563 689 abolitum
576 650 611 696 iri,
627 662 669 689 cum
679 647 755 702 plenior

152 707 230 750 libertas
237 711 325 750 sentiendi
335 718 353 749 et
362 710 443 761 cogitata
455 712 486 749 sna
501 712 537 749 sme
549 711 621 772 inuidia
634 712 654 750 in
669 711 757 765 medium>
786 711 790 715 ’

152 772 308 824 proferendiiis,
332 772 401 824 quide
415 772 471 813 rebus
484 771 595 825 theologicis
607 772 702 820 scribunt,
718 772 754 814 erit

153 833 244 875 concessa.

185 908 292 936 aavnvm
306 908 420 937 senatvm
433 895 486 935 fnisse
500 896 624 949 Theolognm
638 895 753 944 cerenicum,

213 957 312 1011 praecipue
321 971 345 996 ex
354 960 393 997 eins
407 956 483 996 historia
495 958 569 996 concilii
578 958 685 998 Tridentini
699 971 753 1012 appa·

213 1027 250 1060 ret.
282 1020 321 1075 Qni
335 1032 431 1060 onom
446 1019 590 1058 commentarios
605 1019 624 1058 in
639 1019 754 1071 Scripturanr

212 1083 283 1121 saetam
296 1088 315 1120 et
327 1080 362 1120 alia
374 1080 414 1120 eius
426 1080 492 1132 scripta
504 1080 610 1134 theologica
621 1081 678 1133 legit,
693 1081 753 1134 ipsum

213 1141 333 1195 Theologiae
344 1141 440 1181 ecletticae
449 1141 535 1182 stnduiffe
545 1142 600 1182 facile
614 1142 690 1183 videbit.
721 1142 753 1183 De

217 1201 327 1262 Theologia
340 1202 481 1259 Carpetana
490 1216 650 1245 navmanrtvs
663 1205 753 1258 singulare
765 1220 766 1225 ¹

213 1266 283 1315 scripsit
298 1279 428 1318 programma,
453 1267 503 1314 quod
515 1266 535 1304 in
553 1273 604 1316 parte
617 1266 677 1318 prima
689 1278 754 1307 aronae

149 1350 151 1352 v
212 1323 303 1386 Sylloges
313 1324 484 1384 Diffizetatioranm
496 1326 536 1366 eins
545 1340 563 1379 p.
572 1328 619 1370 260.
627 1329 677 1379 seqq.
682 1326 751 1386 exsto.

409 1427 429 1484 t.
464 1427 498 1467 m.

213 1507 235 1546 In
246 1507 377 1559 pertractandis
386 1509 453 1556 rebus,
470 1520 514 1558 quas
526 1507 632 1560 Theologia
645 1509 752 1561 dogmatica

152 1567 281 1621 comptet‘titnr
291 1579 309 1610 et
320 1583 366 1620 qttae
377 1578 428 1609 certo
436 1570 501 1609 ordine
510 1569 604 1621 dispositae
616 1568 696 1625 ysiennr
707 1584 753 1609 con.

152 1630 241 1677 stitmmt,
257 1644 297 1670 eam
309 1634 407 1682 sequemur
417 1627 542 1677 aeterternae,
558 1644 604 1681 qnae
618 1633 639 1670 nd
649 1631 752 1672 distinttem

152 1699 171 1731 et
183 1701 252 1732 certam
262 1694 304 1732 fidei
314 1695 423 1745 dogmatum
433 1692 560 1744 cognitionem
570 1692 624 1731 nobis
638 1694 752 1733 conuenien-

150 1752 216 1797 tisfima
225 1754 304 1795 videtur.
334 1753 453 1793 Stndebimns
464 1766 541 1805 nempe,
559 1760 648 1803 qnantum
658 1755 697 1792 fieri
710 1763 752 1806 pot-

151 1813 184 1860 est,
201 1815 219 1872 r)
229 1815 318 1855 accnrnts
327 1815 466 1855 definitionibus
478 1828 505 1865 ea,
523 1828 568 1865 qnae
577 1815 658 1854 maxime
671 1817 752 1855 conside-

150 1876 222 1915 ratione
238 1877 293 1930 digna
309 1879 362 1923 stant,
385 1878 488 1924 declarare,
512 1877 533 1929 α)
548 1876 567 1914 in
586 1877 751 1929 propofflionibna

150 1938 249 1990 praecipue
265 1938 396 1991 granioribns,
417 1937 580 1977 determinationes
591 1937 698 1977 necessarias
712 1951 752 1978 non

149 1997 256 2051 negligere,
270 2000 291 2056 3)
302 2007 410 2053 argumenta
420 1999 529 2050 probantia,
549 2012 595 2049 qnae
610 2001 641 2038 vet
656 2000 751 2039 eratione

150 2061 278 2112 velseriptnra
287 2063 336 2101 sacra
346 2070 444 2114 petuntur,
460 2061 482 2099 ad
496 2074 525 2100 res
540 2061 627 2111 quasdam
642 2062 751 2101 coniirtnan·

150 2121 190 2174 das,
200 2121 265 2161 debito
276 2123 348 2163 aetem
358 2123 450 2169 adhibito,
458 2123 543 2168 adferre,
559 2129 577 2161 et
585 2122 604 2161 in
615 2123 669 2161 fidem
677 2122 752 2163 histori-

150 2196 191 2222 cam
201 2196 263 2223 remm
274 2184 371 2236 gestarem,
380 2184 466 2239 religioni
475 2196 560 2237 magnam
570 2183 697 2224 annositatem
706 2197 751 2224 con-

149 2244 260 2291 ciliantinm,
270 2245 363 2295 inquirere
373 2247 397 2304 4)
407 2249 480 2298 semper
489 2258 510 2284 ea
523 2246 651 2298 praemittere,
666 2259 712 2296 qnae
724 2247 752 2283 se·

148 2307 248 2357 quentibus
258 2307 383 2362 intelligendis
393 2317 412 2350 et
420 2307 522 2363 probandis
531 2306 642 2356 informant,
658 2309 678 2365 5)
688 2307 751 2346 obser-

691 2377 751 2409 natio·
