1702 2774
177 150 211 186 ao
379 135 597 186 PRAEFATIO.

181 243 244 296 nulli
254 243 355 312 singulis
364 243 524 314 Theologiae
534 245 690 313 dogmaticae
698 246 759 300 locis
770 265 798 299 ea

181 333 286 400 addere,
303 351 367 404 quae
375 335 406 389 ex
416 340 445 389 iis
458 338 491 390 ad
498 341 596 390 virtutis
608 355 631 390 et
640 327 737 407 pietatis
748 338 808 399 cul-j

181 438 239 477 tum
247 426 602 496 provehendumcolligantur¹
620 429 644 480 Si
656 413 799 480 etiamhaee

181 532 235 590 non
248 515 309 567 fiant
323 513 348 568 et
360 518 505 588 Theologia
521 520 673 586 dogmatica,
696 532 725 568 ut
739 534 798 584 pars

182 605 319 658 theoretica
334 606 460 659 doetrinae
474 610 505 661 de
513 625 572 661 vera
582 607 703 671 religione
711 603 761 654 iuis
771 603 800 654 fit

181 706 299 745 contenta
310 695 468 760 regionibus,
488 698 514 745 in
528 712 557 744 ea
565 710 648 744 tamen
659 691 754 761 semper
762 709 799 743 ra-

181 780 217 829 tio
230 778 347 831 habenda
361 781 395 832 est
409 800 509 847 eorum,
534 798 598 853 quae
611 785 739 833 certamin
756 781 799 833 do·

180 866 260 918 {bina
269 868 300 920 de
310 870 398 922 officiis
406 874 542 940 praebeant
550 873 687 923 utilitatem.
703 871 800 923 'Redae

179 956 258 1021 igitur
266 958 297 1009 de
306 960 360 1010 Deo
367 976 391 1011 et
401 961 504 1013 homine
514 979 561 1012 nee
570 962 659 1012 nonde
667 960 799 1012 redemtio·

179 1060 213 1096 ne
227 1046 362 1101 hominum
374 1066 420 1118 per
433 1052 560 1103 Christum
574 1063 709 1120 procurata
719 1051 799 1100 notio·

180 1151 226 1186 nes
236 1134 393 1190 fundamenti
405 1140 463 1191 loeo
478 1138 535 1193 suut
544 1139 685 1209 ponendae,
699 1154 732 1189 ⁴ut
740 1137 799 1189 inde

180 1227 311 1292 appareat,
327 1230 444 1298 quisnam
452 1228 535 1280 cuitus
543 1229 598 1280 Deo
608 1229 633 1278 fit
641 1200 799 1294 gratiffimrls,

182 1328 308 1381 quaenam
315 1316 442 1368 humanae
450 1333 553 1369 naturae
560 1317 700 1383 fitdignitas
707 1314 799 1384 etquid

180 1418 237 1455 eam
247 1402 387 1470 conservet,
405 1421 448 1459 aut
457 1409 600 1469 imminuat,
617 1405 746 1473 quomodo
757 1404 803 1468 be-3

180 1491 276 1544 neficiis
282 1494 380 1547 Christo
387 1495 475 1547 debitis
481 1495 513 1546 ad
523 1498 589 1545 vitae
599 1495 799 1546 emendationem

179 1582 205 1630 et
213 1599 298 1636 veram
307 1570 411 1635 salutem
421 1584 448 1634 fit
457 1584 597 1635 utendum
624 1584 696 1633 Haec
705 1597 729 1634 et
738 1583 800 1632 fimi·

180 1667 224 1733 lia,
246 1673 311 1741 quae
325 1673 448 1725 iudicium
462 1674 575 1724 nostrum
587 1673 618 1723 de
631 1675 673 1734 iis,
691 1670 724 1721 ad
736 1677 810 1739 quae*

179 1760 461 1830 religioneobligamur,
474 1761 594 1825 forment,
603 1760 799 1829 strepeinTheo-

180 1848 247 1914 logia
257 1853 400 1919 dogmatica
408 1851 466 1905 sunt
475 1851 601 1904 monenda
606 1869 613 1920 3
631 1849 749 1901 inanibus
758 1857 800 1902 ve!

179 1955 209 1989 ro
227 1937 402 1994 subtilitatibus
417 1957 441 1993 et
457 1941 587 1993 inutilibus
606 1939 800 2009 quaestionibus,

180 2044 246 2096 quae
256 2046 308 2081 non
319 2034 362 2084 nifi
370 2033 424 2083 lites
434 2033 531 2099 pariant
541 2043 564 2080 et
572 2032 658 2097 pietati
667 2032 746 2104 magis
756 2027 799 2079 obss

178 2118 233 2181 fiat,
244 2136 321 2187 quarn
329 2123 430 2188 profint',
441 2120 525 2171 nullus
534 2118 710 2169 concedendus
721 2120 755 2170 est
761 2118 799 2168 lo·

179 2224 238 2276 cus3
253 2226 300 2270 nec
309 2211 472 2278 mysticorum
479 2207 611 2279 probanda
623 2208 656 2259 est
664 2211 738 2271 ratio,
754 2208 799 2274 qui

179 2302 264 2353 omnia
274 2300 382 2355 tenebris
388 2299 537 2373 involvunt,
553 2298 636 2352 ubivis
650 2300 676 2351 in
688 2299 799 2366 Scriptu-

772 2402 799 2437 ra
