1702 2774
193 144 260 198 166r
352 155 354 158 ’
408 154 524 197 carre
542 155 583 201 rx).

196 268 262 302 notam
273 256 439 301 cinarat'teristiearn
449 259 485 300 csse
498 258 622 313 spedandam.
654 262 752 318 Quantitrin
765 275 799 302 ne.

196 337 220 365 ro
229 324 248 362 in
257 321 310 362 recto
318 322 395 362 rationis
403 326 438 362 vso
448 335 466 363 et
475 323 550 362 inomni
561 322 612 362 bono
621 321 739 375 progressnn
749 325 800 363 sece-

196 387 234 426 rint
242 385 297 435 primi
307 384 407 431 homines,
424 399 446 426 ex
460 386 521 437 paneis
535 385 569 431 iis,
591 397 637 435 qnae
653 386 677 426 de
692 386 728 425 iliis
741 390 799 426 relata

196 446 290 498 legimns,
310 448 361 486 hand
374 448 429 488 facile
442 449 538 498 qnisqnanr
554 446 664 488 desinieerit.
701 449 753 505 Qnin
766 461 799 488 ex-

196 508 307 548 cellentibus
315 509 371 549 aninri
381 509 500 550 facilitatibus
509 517 527 549 et
537 509 615 562 egregiis
628 509 713 561 corporis
723 510 800 549 dotibus

194 571 321 623 praestiterint
340 581 395 621 atqne
412 583 524 627 praeciosam
539 571 608 625 ingenii
625 572 652 610 sui
666 571 764 611 exercendi
776 584 799 611 ac

195 632 273 672 virtutis
282 634 396 673 excolendae
412 632 510 671 habuerint
520 635 647 682 occationem,
663 647 700 673 non
712 633 737 672 est
745 634 800 673 dnbi-

195 695 279 732 tandem,
311 694 373 747 Qnassn
390 691 421 729 din
435 691 480 731 nibil
494 694 626 733 commiserant
641 696 697 742 niati,
717 703 768 736 erant
779 695 799 735 in

192 752 250 811 stein
257 753 382 800 innocentiae
391 753 427 792 fine
435 752 568 811 integritatis.

226 834 249 876 In
262 835 339 875 homine
352 835 443 886 quandam
457 835 496 874 Dei
513 834 613 888 imaginem
632 834 734 887 expressam
755 830 798 883 esse,

258 897 315 938 etiarn
325 905 440 949 agnouernnt
450 896 499 937 hand
509 899 561 949 pauci
570 897 619 936 inter
628 898 706 950 gentiles
716 897 797 950 philoso-

255 960 311 1012 phos,
327 972 408 1008 qnorum
416 962 464 1004 soca,
478 959 497 996 id
506 955 625 1003 declarantia,
635 959 696 998 adfert
704 971 798 1000 ronias

253 1032 411 1062 cananaeos
425 1020 444 1059 in
457 1017 566 1075 Selicianae
582 1017 604 1061 T
601 1016 702 1081 heologsne
713 1017 798 1080 gennlis

253 1081 348 1141 purioris
357 1082 404 1135 Cap.
414 1082 456 1123 Vll.
467 1079 483 1143 p
495 1094 505 1129 3
522 1084 571 1133 seqq.
720 1082 723 1085 ’

425 1162 441 1222 §-
474 1163 565 1207 tinen.

254 1242 338 1303 Magne
352 1243 421 1301 scrinei
437 1241 526 1287 bortrinis
540 1239 669 1300 fruebantur
683 1244 797 1302 felicitate,-

191 1319 239 1347 fnam
248 1307 346 1346 erratione
355 1306 534 1359 aninrietcorporis
548 1313 567 1344 et
578 1306 633 1344 stains
650 1309 723 1346 externi
736 1309 797 1346 omni·

193 1368 231 1409 bus
239 1368 369 1408 iisafflnebant
382 1366 448 1414 bonis,
464 1368 565 1418 exquibus
577 1376 686 1419 perpetuam
699 1369 795 1421 percipere

193 1430 297 1483 potuissent
306 1432 427 1481 voluptatem,
459 1429 556 1468 Vtilissima
565 1429 597 1468 sabi
607 1430 674 1480 partirn
682 1431 719 1470 iarn
725 1444 797 1483 eogno-

194 1492 278 1538 scebant,
294 1491 361 1543 partim
372 1488 426 1530 facile
436 1489 517 1530 discendi
527 1503 602 1529 omnem
611 1490 704 1532 habebant
714 1493 796 1544 copiam,

194 1553 264 1593 nullius
275 1553 319 1592 mali
332 1552 376 1592 sacti
387 1552 418 1591 sibi
428 1560 479 1590 erant
488 1552 556 1591 conscii
566 1560 585 1591 et
592 1553 638 1593 ideo
651 1554 673 1591 de
682 1554 747 1594 fanore
757 1554 795 1594 Dei

193 1615 248 1655 certi.
281 1615 367 1666 Corpora
377 1626 442 1653 eoruan
454 1622 505 1653 erant
515 1622 580 1667 vegeta
595 1622 613 1653 et
625 1614 708 1657 robusta.
739 1616 796 1657 Mor·

192 1677 242 1725 hos,
258 1676 333 1716 dolores
343 1685 362 1716 et
373 1676 408 1715 aba
417 1676 548 1722 incommoda,
564 1688 610 1726 qnae
618 1676 702 1717 nostrnrn
710 1677 794 1730 affligere

193 1741 254 1778 soient
269 1751 348 1791 eorpus,
370 1736 482 1789 ignorabant
500 1745 519 1776 et
535 1746 617 1777 mortem
635 1751 673 1778 non
694 1738 794 1783 timebant.

191 1800 319 1840 Versabantnr
329 1800 348 1839 in
357 1802 400 1839 loco
415 1798 553 1851 amoenisfirno‚
576 1799 596 1838 in
610 1812 647 1849 qno
662 1800 698 1839 sine
709 1800 793 1841 molestis

191 1862 289 1904 sabnribus
300 1862 375 1912 quaeris
389 1861 411 1900 ad
423 1859 491 1900 nietam
500 1863 554 1901 sunni
565 1861 663 1901 necessaria
677 1862 713 1901 illis
726 1863 801 1914 snppe··

191 1926 262 1965 rebant
294 1923 315 1963 ln
324 1925 355 1962 sua
367 1922 474 1974 simpliciori
487 1923 564 1971 vineunt
577 1923 650 1963 ratione
664 1923 726 1974 paucis
740 1930 793 1977 erant

189 1986 276 2026 contenti
284 1999 319 2024 nec
329 1985 381 2025 vanis
392 1984 483 2024 desideriis
493 1995 568 2032 eorum,
584 1998 630 2034 qnae
642 1993 713 2024 tantum
722 1981 792 2027 fastum

189 2056 210 2089 et
219 2048 315 2088 libidinem
325 2050 377 2087 alunt
386 2054 404 2085 et
414 2046 480 2096 quibus
489 2045 569 2087 hnmana
582 2046 657 2098 proprie
671 2060 709 2086 non
719 2047 791 2100 indiget

189 2117 266 2159 natura,
280 2109 408 2150 turbabantur.
439 2107 493 2149 Haec
502 2121 568 2148 eorum
582 2107 661 2148 felicitas
677 2109 748 2149 maiora
760 2109 792 2149 ad-

189 2173 228 2213 huc
237 2171 311 2223 cepisset
323 2172 448 2216 incrementa,
462 2170 474 2209 si
487 2171 596 2210 continuum
607 2169 626 2209 in
639 2171 747 2223 cognitione
760 2173 792 2212 sua

188 2234 273 2287 augenda
282 2239 301 2272 et
310 2232 328 2272 in
338 2232 393 2273 rebus
404 2232 459 2272 bonis
472 2231 580 2284 peragendis
595 2232 695 2288 posuissent
710 2232 792 2273 studium

145 2331 147 2335 .
188 2300 208 2340 et
216 2297 240 2338 fic
248 2296 281 2338 diu
289 2295 309 2337 in
320 2294 356 2339 boc
364 2294 499 2352 pertransissent
508 2295 560 2338 statu.

720 2354 792 2418 Regio·
