1702 2774
83 116 122 174 ue
140 119 252 175 nnnunr
270 134 404 172 onrnrvnr
425 130 630 171 cnnnnronn.
649 134 685 183 ¹33

80 235 117 275 illis
125 239 231 289 comparata
240 231 294 272 valde
302 243 358 284 parua
367 229 402 269 esse
411 232 505 283 videntum
521 231 544 289 2)
553 241 623 272 eorum
630 228 683 272 und·

80 292 287 344 titudoeruurietor:
300 305 356 333 uerno
365 292 420 332 enirn
434 291 526 334 stellarum
538 294 620 333 fixurum
634 291 682 331 alio·

79 369 158 406 rumque
166 356 214 396 coeli
225 368 340 409 corporum,
355 354 441 393 omnium
451 367 461 394 a
471 356 489 394 se
498 356 580 396 inuicem
594 356 681 395 summo·

78 429 123 471 pere
133 417 260 463 diuersorum,
277 427 376 455 numerum
386 415 433 454 inire
444 416 509 466 potest,
537 417 558 456 In
567 419 634 457 tellure
643 429 679 456 no-

78 480 113 519 stra
122 487 140 519 et
147 479 167 519 in
176 479 274 519 hominum
283 490 305 517 ac
317 476 438 516 animantium
451 476 562 525 brutorum,
577 480 676 528 arborum,

77 543 192 593 plantarum,
214 539 331 578 mineualiurn
348 537 462 590 aliarumque
481 550 553 589 rerum,
572 552 616 589 quas
631 555 676 593 pr0.

77 603 115 642 fert
123 609 142 640 et
151 603 218 648 fouet,
231 601 458 654 generevnunrquodque
471 600 523 642 alteri
536 599 562 640 est
576 598 673 653 diffimile3

76 661 154 703 licetob
163 663 253 715 quandam
263 662 399 703 firnilitudinern
413 664 476 704 omnia
490 664 513 703 ad
527 670 586 704 certas
601 661 672 714 cuffes,

76 737 144 778 genera
153 732 172 764 et
178 724 248 777 species
257 737 336 765 nurnero
345 728 407 777 plures
415 724 481 764 referri
491 724 556 777 posfint
561 738 567 773 ς
575 728 597 782 3)
603 739 674 769 eorum

47 815 48 819 ,
72 785 210 844 praestantia:
225 799 268 826 nam
277 780 352 837 ouaeuis
359 798 399 833 res,
413 799 423 826 a
432 794 496 841 natura
504 785 600 838 produlia,
608 789 673 829 omnia

76 861 98 886 ea
106 849 125 888 in
134 850 152 887 se
162 848 228 894 habet,
242 860 288 898 quae
300 848 398 894 adfinem,
417 848 448 887 eui
461 847 558 893 iuscruiat,
574 848 673 898 requirun-

75 916 106 949 tur
114 922 171 959 eaque
182 909 250 963 gaudet
259 908 379 962 perfetlione‚
395 917 416 949 vt
424 923 465 950 earn
473 912 522 949 nulla
532 908 634 949 hominurn
642 922 673 949 ars

74 971 143 1011 imitari
155 972 199 1024 poss
201 980 215 1016 t.
241 972 305 1012 Vincit
319 971 394 1022 quidern
407 972 456 1011 aliud
469 984 532 1012 rerunt
548 983 607 1023 genus
620 970 672 1012 uliud

75 1033 164 1086 dignitate
177 1041 195 1073 et
204 1034 283 1086 propriis
293 1033 402 1083 quibusdam
412 1033 487 1073 excellit
497 1033 609 1079 virtutibus,
623 1046 671 1084 quae

74 1094 127 1134 alteri
139 1095 215 1145 desunt3
229 1097 302 1134 nullum
312 1101 374 1133 tanen
388 1107 452 1134 earum
461 1094 484 1133 iis
497 1102 558 1141 caret,
579 1107 626 1145 quae
637 1094 671 1146 ipfi

70 1157 116 1194 sunt
128 1155 247 1194 necessariae:
269 1155 293 1193 fic
305 1156 335 1193 uel
348 1155 447 1194 minimum
461 1156 592 1194 animalculum
605 1155 628 1194 iis
643 1155 672 1195 in-

74 1214 162 1255 strutlum
180 1215 206 1254 est
223 1216 312 1256 membris
331 1223 350 1255 et
367 1217 434 1263 arnis,
464 1216 531 1266 qubus
548 1217 571 1255 ad
585 1215 613 1255 sui
627 1229 672 1255 con.

74 1277 198 1317 ferrutionern
206 1278 229 1317 ad
238 1286 310 1317 centuni
319 1285 392 1329 tenipus
399 1277 483 1330 indiget;
498 1277 523 1333 4)
533 1290 602 1319 eorum
611 1274 669 1324 ordo,

74 1351 129 1388 quern
141 1339 305 1378 animaduertimus
314 1347 352 1378 ram
364 1339 383 1379 in
397 1351 499 1391 corporum
511 1338 621 1379 coelestium
634 1339 669 1379 suu

73 1408 92 1438 et
102 1409 166 1446 motu,
181 1413 235 1450 quant
244 1402 262 1440 in
272 1400 359 1440 omnibus
368 1413 432 1441 rerurn
445 1400 500 1440 huius
509 1408 568 1440 terrae
581 1401 670 1440 mutatio·

72 1461 138 1510 nibus,
155 1462 210 1502 certis
222 1462 294 1515 legibus
308 1461 407 1510 adstriliis,
424 1475 524 1512 eurumque
536 1463 670 1512 collocatione,

72 1523 211 1571 distributione,
229 1521 351 1573 successione,
370 1524 438 1565 maiori
450 1526 481 1565 vel
493 1524 562 1564 minori
575 1524 670 1564 abundun-

73 1586 108 1634 tin‚
128 1586 231 1627 duratione.
266 1585 309 1624 Atia
326 1587 367 1624 sunt
384 1587 495 1637 praestripu
511 1585 617 1638 spiritibus,
634 1586 669 1625 alia

64 1646 131 1697 ‘brutis
140 1645 275 1694 animantibus,
290 1646 323 1686 alia
331 1647 407 1697 reliquis
415 1646 472 1686 rebus
480 1650 511 1687 vel
524 1648 563 1688 vira
571 1647 667 1700 praeditis,

71 1704 103 1748 uel
112 1709 142 1747 illa
150 1708 246 1749 destitutis.
280 1708 331 1764 Quin
340 1707 359 1748 in
367 1708 397 1761 in,
412 1721 458 1758 quae
466 1706 561 1760 plerisque
571 1708 668 1761 perturba·

72 1779 91 1810 ta
99 1778 118 1809 et
127 1770 203 1809 confusa
216 1770 251 1816 esse
262 1770 361 1816 uidentur,
381 1771 428 1809 ordo
441 1770 515 1821 quidam
526 1771 591 1809 locum
603 1770 667 1817 habet,

72 1844 128 1883 quern
136 1832 156 1871 hi
166 1840 236 1872 tanturn
245 1830 355 1879 obseruanr,
368 1831 399 1882 qui
407 1834 465 1885 longo
477 1833 511 1872 vsu
526 1831 566 1870 eius
579 1844 668 1883 percepe·
721 1833 724 1836 “

71 1902 115 1934 runt
128 1891 212 1947 regula53
230 1899 255 1949 ς)
267 1902 350 1936 mittum
363 1907 431 1936 eurum
443 1906 509 1936 nexus
521 1902 540 1935 et
556 1889 667 1948 consonus,

72 1955 104 2005 qui
115 1962 153 1995 tarn
164 1956 184 1995 in
198 1956 254 1995 rebus
266 1955 388 2004 coelestibus,
411 1968 465 2006 quarn
478 1954 607 2003 terrestribus,
627 1962 668 1995 tarn

56 2056 58 2058 ,
71 2016 205 2069 spiritualibus,
221 2031 276 2069 qriatn
285 2017 381 2071 corporeis
389 2017 416 2057 est
429 2016 544 2068 conspicuus.
570 2017 597 2056 ln
611 2019 667 2057 coelo

71 2089 138 2129 uernpe
146 2081 173 2118 sol
179 2079 219 2119 uirn
227 2082 278 2121 suam
287 2079 353 2121 exserit
361 2079 381 2119 in
389 2082 470 2132 planetas
476 2078 536 2131 ipsum
550 2078 667 2118 circumeun-

72 2149 112 2186 tes‚
128 2140 159 2190 qui
168 2141 191 2179 ab
200 2141 233 2180 illo
243 2149 341 2196 reguntur,
355 2141 481 2182 illuminantur
492 2146 510 2180 et
518 2135 615 2180 sonentur.
631 2141 668 2178 Eo·

71 2204 115 2243 dem
124 2202 181 2242 modo
193 2202 255 2244 stellae
268 2206 316 2244 fixae
325 2212 382 2258 agunt
394 2203 412 2243 in
426 2205 514 2255 planetus,
529 2201 608 2242 chorum
618 2200 666 2251 qnasr

71 2264 141 2306 circum
149 2267 168 2306 se
175 2266 269 2312 ducentes.
299 2266 350 2320 ipsae
357 2273 420 2307 autern
428 2264 476 2306 inter
484 2265 503 2303 se
513 2271 578 2305 etcum
586 2265 667 2363 sulego-

395 2327 404 2367 Ι
417 2337 428 2378 3
537 2368 538 2371 Ἴ
645 2335 667 2362 ro
