1702 2774
117 111 154 149 nu
172 75 594 159 R'nurorounlotaursrrrnun.
619 102 662 157 105

65 207 166 249 Pontifices
175 205 256 247 Romani
265 212 283 245 et
292 204 324 256 qui
338 204 413 248 illorum
426 211 494 250 saluam
508 206 611 247 voluerunt
625 202 660 243 esse

66 269 187 322 potestatem,
202 279 277 307 omnem
286 274 386 307 mouerunt
393 270 483 320 lapidem,
497 277 519 309 vt
528 279 597 307 nouam
605 264 661 315 hanc,
717 312 720 322 ἡ

66 329 164 380 religionis
175 331 298 369 emendandae
310 332 362 368 causa
371 330 432 368 ortam
441 332 554 377 societatem,
569 330 601 369 vel
608 329 663 379 plane

44 436 45 442 ἵ
67 389 209 441 opprimerent,
229 393 260 431 uel
273 391 312 430 eius
324 389 436 441 impedirent
446 390 588 434 incrementum.
619 386 664 436 Post

68 451 119 489 varia
129 452 211 492 uiolenta
220 445 309 497 remedia,
318 450 385 489 trustra
394 458 469 499 tentata,
479 455 569 492 nonnullis
579 451 664 493 liberum

68 512 168 553 concilium
175 514 246 565 optima
253 513 302 564 pacis
310 506 393 550 ecelesiae
402 511 523 552 restituendae
530 514 560 552 via
568 515 602 553 csse
610 513 664 552 vidc-

69 573 136 624 batur3
157 575 189 612 sed
202 582 244 613 eum
259 575 307 625 Papa
320 573 351 612 diu
365 573 496 627 tergiuersatus
509 574 590 627 primum
601 572 665 617 Mon-

70 643 128 676 taram
138 637 182 691 1536
192 635 227 674 fine
239 638 279 675 vllo
291 634 381 685 successu,
403 637 469 676 deinde
484 633 607 678 Tridentum
617 649 666 691 1542

71 692 178 737 concilium
186 697 291 748 indixisset,
304 698 359 747 idque
369 698 443 747 tandem
455 711 503 738 anno
520 711 571 753 1545
588 710 666 750 congre·

71 765 135 809 gutum
149 765 168 797 et
184 759 226 812 post
242 760 321 808 aliquam
334 759 490 809 interruptionem
507 761 634 800 continuatum
648 767 668 799 et

72 832 121 858 anno
130 820 172 869 1563
180 820 203 858 ad
213 822 269 859 finem
278 819 322 859 esset
334 818 454 872 perductum,
469 822 523 861 sacile
535 820 629 873 apparuit,
648 820 669 859 in

73 892 97 918 eo
111 882 180 919 nullam
192 880 335 922 Protestantiutn
346 881 438 921 rationem
451 881 545 931 habiturn,
562 882 593 920 sed
607 880 670 920 omnia

73 940 97 980 ad
110 942 170 992 Papae
183 941 279 982 arbitrium
294 942 332 982 aua
346 939 389 983 elle.
426 945 474 984 Sane
486 943 522 983 hoc
536 943 616 984 concilio
631 954 670 981 non

73 1004 133 1042 solnm
143 1011 216 1042 veteres
230 1004 313 1043 ecelesiae
321 1004 417 1044 Romanae
425 1018 497 1046 errores
512 1004 625 1050 confirmati,
639 1004 671 1043 sed

73 1064 184 1103 nouietiurn
195 1066 236 1105 sunt
249 1066 317 1113 additi,
337 1077 374 1114 quo
387 1065 457 1105 fa‘eiurn
471 1066 508 1113 est,
528 1065 595 1106 utillo
608 1065 671 1104 diuor-

75 1126 124 1165 tium
142 1126 191 1164 inter
210 1126 333 1177 Brotetlantcs
350 1134 369 1165 et
387 1126 605 1166 Romano-Catholicos
622 1125 672 1164 haud

70 1198 142 1238 ‘parum
150 1183 208 1227 fuerit
217 1185 297 1229 aucium.
329 1187 430 1227 Germania
438 1187 475 1227 iam
487 1188 521 1227 sub
530 1189 600 1228 Carolo
613 1186 632 1222 V
644 1199 673 1225 re·

76 1247 153 1300 ligionis
162 1249 214 1288 causa
222 1247 277 1288 variis
291 1247 358 1301 agitata
366 1248 392 1287 est
405 1246 450 1288 belli
462 1249 556 1295 motibus,
576 1260 622 1299 quos
635 1255 675 1287 tan-

78 1310 121 1348 dem
130 1321 179 1348 anno
188 1322 230 1364 1552
237 1310 305 1350 sedauit
314 1306 424 1352 transactio
434 1308 541 1366 Parfflauieu
549 1323 578 1356 rs,
598 1316 617 1348 et
631 1321 675 1350 eum

77 1372 153 1423 paulurn
161 1371 194 1410 sub
202 1374 272 1421 aliquot
285 1369 417 1411 successor-ibus
432 1371 470 1410 eius
481 1371 595 1423 respirasset,
614 1371 687 1411 adhucv

78 1431 137 1484 magis
147 1432 178 1471 illa
188 1432 261 1473 turbata
267 1432 303 1473 fnit
313 1428 360 1475 bello
371 1431 459 1490 triginta
469 1446 571 1475 titulorum
581 1430 614 1471 sub
621 1434 676 1473 erud

78 1506 199 1534 nrunuoo
212 1494 238 1537 ΙΙ,
252 1495 277 1534 ob
286 1507 364 1548 regnum
375 1494 475 1534 Bohemiae
486 1498 529 1545 1618
543 1502 586 1535 orto
599 1502 618 1533 et
626 1496 676 1544 1648

75 1567 128 1611 pace
138 1553 301 1613 Momsterienffi
317 1569 352 1604 qua
360 1556 452 1595 securitati
465 1553 608 1596 Proteilantium
618 1556 678 1594 maxi·

77 1614 112 1655 'me
123 1615 150 1654 est
160 1614 277 1668 consultum,
295 1616 354 1659 finito,
388 1618 410 1655 In
422 1618 502 1669 lingna,
521 1617 594 1665 Scotia,
611 1616 677 1662 Gallia,

80 1676 180 1728 Heluetia,
195 1677 261 1731 Belgio
271 1685 289 1717 ct
300 1678 339 1717 aliie
349 1677 458 1727 quibusdam
467 1679 576 1731 regionibus
588 1679 678 1717 reforma-

81 1738 109 1777 tio
119 1738 175 1779 etiam
184 1741 236 1779 causa
245 1740 282 1778 suit
291 1752 329 1779 non
339 1741 397 1778 solum
409 1737 555 1792 grauissimarum
567 1738 679 1791 persecutio-

81 1812 139 1846 num‚
155 1813 199 1850 quas
207 1813 267 1840 nouae
274 1801 369 1841 doctrinae
379 1799 490 1840 'consessores
499 1803 541 1840 sunt
550 1797 633 1853 perpelli,
647 1799 679 1840 sed

83 1861 140 1901 etiam
148 1864 262 1902 tumultuum
270 1862 301 1901 hic
309 1869 328 1901 et
336 1862 374 1901 illic
382 1862 504 1903 excitatorum
514 1869 532 1901 et
543 1861 636 1901 bellorum
647 1861 680 1900 diu

86 1931 104 1962 et
117 1923 205 1963 atrociter
213 1923 318 1977 gestorum,
333 1925 380 1963 adeo
389 1931 411 1964 vt
420 1927 480 1964 multo
493 1923 580 1977 sunguine
592 1922 680 1963 eonstite-

33 2036 37 2040 Α
84 1984 110 2023 rit
122 1986 244 2026 conscientiae
256 1984 343 2033 libertas,
366 2000 421 2036 quam
435 1986 523 2026 Ecclesiae
537 1983 681 2026 Protcstantiuna

85 2043 106 2085 iu
114 2047 225 2096 quibusdam
233 2048 320 2101 Europae
333 2048 434 2101 prouinciis
444 2050 485 2088 sunt
496 2047 612 2088 consecutae.

325 2110 345 2166 ᾗ,
372 2110 443 2153 calu.

145 2170 267 2223 summopere
276 2185 323 2212 atero
337 2172 437 2212 dolendum
452 2170 488 2216 est,
508 2165 613 2225 diffivnfina
625 2181 681 2220 quen-

89 2233 131 2274 dam
139 2232 161 2276 in
169 2228 262 2278 dottaiaa
274 2231 298 2277 de
305 2230 370 2291 sacra
383 2233 493 2275 coenulam
506 2232 585 2275 Lutlaeri
598 2239 681 2283 tempore

38 2302 39 2305 ’
398 2294 442 2354 ῦς
644 2291 682 2333 aui.
