1702 2774
96 122 133 157 nn
151 118 334 174 nrur‘oroue
351 119 649 180 nurrovrssrmnete.
663 125 693 175 ῃ

96 220 150 270 dam,
169 229 236 258 eorum
249 216 269 257 in
283 215 320 256 hoc
338 216 396 256 exilio
415 220 518 268 comitum,
537 219 609 261 monita
623 234 691 277 magno

95 282 136 335 ipsis
146 279 188 320 vrui
204 280 280 320 fuerunt
293 279 316 319 ad
323 278 420 331 gentilium
431 282 578 332 superstitionem
593 291 612 325 et
620 283 691 338 impro-

94 344 172 383 bitatem
186 342 285 385 vitandam.
324 340 360 380 Vri
378 341 467 390 quaedam
483 358 493 384 a
508 345 619 396 Chaldaeis,
642 348 692 389 inter

94 417 141 455 quos
151 405 323 450 commorabantur,
341 399 424 443 didieiffe
436 403 532 453 videntur,
548 411 572 450 fic
580 411 636 455 etiam
650 424 692 451 me·

93 467 131 507 lior
138 468 187 514 Dei,
203 481 238 518 qua
248 465 363 519 gerrdebnnt,
383 464 466 517 cognitio
475 470 567 508 nonnullis
579 485 588 510 e
601 473 690 525 gentibus

93 530 208 569 occasionem
218 528 269 568 dedit
283 525 409 567 idololatriam
420 527 529 579 repudiandi
538 538 557 569 et
565 531 651 575 rectiores
665 537 689 576 de

91 591 183 643 religione
191 590 278 628 notiones
286 588 385 638 arqirendi.
416 589 436 627 Si
445 601 484 630 non
493 589 556 637 alium,
569 591 617 632 hunc
626 603 688 638 tamen

92 664 118 691 ex
131 652 165 691 hac
178 650 283 704 captiuitate
298 653 380 690 tulerunt
392 649 473 691 neuun
486 652 560 707 ludaei,
582 662 604 695 vt
617 656 640 696 ab
654 659 688 700 illo

91 720 179 765 tempore
190 726 265 753 omnem
274 714 361 752 Deorum
374 713 546 754 commentitiorum
554 719 630 757 errltum
643 733 688 759 eane

91 773 145 826 peius
154 782 172 814 et
181 788 240 827 angue
251 773 333 825 fugerint
340 781 358 812 et
367 774 386 813 in
398 773 475 825 patriam
488 776 539 814 suam
551 779 628 817 reduces
641 794 688 820 nun·

92 847 147 885 quam
156 836 219 888 postea
228 835 254 875 ob
263 837 356 875 sacrorum
365 836 506 889 peregrinorum
514 836 639 880 imitationem
647 842 688 881 fue·

90 896 129 937 rint
137 896 202 943 notati,

326 993 351 1058 a.
379 993 450 1042 xcnr.

147 1077 217 1127 Iudaei,
232 1076 317 1128 libertate
326 1076 345 1117 in
353 1078 430 1130 patriam
438 1078 488 1119 suam
494 1078 584 1121 redeundi
593 1092 604 1122 a
612 1095 686 1133 orne,

89 1141 151 1191 primo
158 1142 253 1181 Persarum
261 1152 312 1191 rege,
328 1146 409 1191 accepta,
424 1148 466 1179 ante
478 1142 541 1180 omnin
550 1142 569 1180 in
578 1143 597 1181 id
609 1141 686 1186 fuerunt

90 1201 163 1251 intenti,
172 1210 194 1242 rt
202 1203 268 1242 vrbem
280 1198 432 1254 Hierosolymam
441 1208 460 1241 et
469 1204 558 1254 templum
566 1204 688 1248 restaurarent

91 1271 146 1314 atque
154 1277 195 1303 rem
204 1264 259 1304 'strum
269 1262 342 1302 ciuilem
356 1270 375 1301 et
386 1263 455 1302 sacram
468 1264 487 1303 in
504 1264 599 1315 pristinum
613 1269 687 1322 redige.¹

89 1334 132 1367 rent
139 1326 231 1366 ordinem.
264 1325 296 1364 Ob
306 1325 356 1364 veria
365 1336 411 1363 vero
418 1324 550 1376 impedimenta
559 1329 608 1367 lente
621 1329 640 1368 in
648 1330 686 1369 hoo

90 1401 148 1441 opere
164 1389 206 1427 sunt
219 1383 307 1439 progeffi.
356 1383 463 1440 ferreolum
480 1387 530 1426 enim
551 1388 626 1428 demum
642 1389 685 1442 post

88 1449 157 1502 viginti
169 1460 238 1497 annos,
258 1460 313 1498 quam
326 1446 366 1487 eius
381 1445 479 1492 iadaasunt
490 1448 616 1496 fundamenta,
629 1450 684 1492 sexto

88 1511 143 1553 Darii
152 1509 246 1562 Hystaspis
260 1514 308 1549 anno'
322 1507 427 1547 absolutum
440 1519 459 1549 et
474 1505 522 1551 urbs
536 1507 685 1569 Interostrlyrna

89 1573 170 1613 maxime
179 1571 200 1612 N
201 1571 272 1611 ehemir
281 1577 353 1617 autore,
367 1569 456 1623 rigefimo
466 1572 575 1612 Artaxerxis
584 1573 685 1627 Longima·

88 1635 108 1675 ni
116 1647 164 1673 anno
173 1632 272 1672 moenibus
285 1631 311 1670 est
324 1628 387 1672 cintia.
419 1632 465 1671 Dux
473 1645 608 1675 znnvnnnn
616 1650 639 1682 n,
653 1636 684 1678 cui

88 1708 225 1737 NEHEMIAS
239 1692 319 1733 successit
333 1700 351 1731 et
366 1691 454 1733 Pontifex
464 1693 557 1733 maximus
565 1709 627 1737 rosvn
638 1705 684 1737 tuno

89 1759 125 1799 illis
134 1765 229 1810 praerant3
249 1765 313 1795 rerum
321 1755 413 1794 sacrarum
421 1754 527 1807 fingularem
537 1769 611 1806 quoque
620 1770 683 1800 curam

88 1820 155 1874 gessur
163 1831 215 1869 sun,
220 1818 304 1857 sacerdos
312 1813 377 1855 doilus
384 1816 451 1867 etlegis
457 1814 683 1870 peritillirnrrsEsroeVll‚

88 1885 109 1924 6.
119 1881 150 1932 qui
163 1894 211 1920 anno
224 1877 334 1919 Artaxerxis
343 1877 454 1929 Longimani
467 1878 546 1929 septimo
564 1892 606 1919 cum
614 1894 684 1934 magna

31 1938 32 1941 ¹
88 1941 168 1982 exulum
177 1939 325 1982 multitudinem
339 1938 457 1978 Palaestinam
473 1938 531 1982 venia.
566 1942 682 1982 Areditue

88 2004 194 2056 captiuitate
201 2001 314 2056 Babylonica
323 2013 381 2050 usque
394 2001 417 2041 ad
426 2001 519 2040 ultimum
528 2000 579 2041 vrbis
589 2003 683 2043 Hieroso«

88 2067 142 2107 limae
150 2072 169 2105 et
178 2066 244 2118 templi
254 2063 348 2103 excidium
355 2061 421 2106 Iudaei
430 2062 497 2104 uarios
507 2062 611 2104 habuerunt
620 2061 684 2108 dorni·

88 2140 131 2173 nos.
165 2123 228 2167 Primo
241 2133 341 2180 paruerunt
353 2124 420 2172 Perfis3
445 2123 512 2163 horum
526 2132 589 2165 autern
601 2126 682 2180 imperio

88 2204 121 2243 per
129 2190 255 2230 Alexandrum
263 2190 356 2240 Magnum
366 2184 468 2231 destrufro,
483 2185 627 2239 ll'laeedonibus,
644 2190 681 2228 fiue

87 2254 119 2306 ipu
131 2252 237 2293 Alexandro
256 2259 275 2290 et
288 2250 354 2289 deinde
363 2249 406 2308 *eius
419 2247 552 2289 successoribus
570 2257 589 2289 et
605 2250 681 2299 quidem

621 2312 681 2351 modo
