1702 2774
133 130 172 169 nn
183 110 373 165 ‘nr'nreronn
392 125 426 161 rra
440 102 575 162 ‘ennean
588 123 633 162 ere.
659 127 681 158 n

142 228 230 265 Deorum
241 224 351 276 interpretes
365 224 427 275 magni
437 224 544 272 aestimant,
561 223 681 275 persuadean-

144 296 180 327 tur.
209 284 267 326 neue
277 285 522 336 rrleoronrnrnsrnqur
515 282 563 328 H
558 283 611 340 stur
623 284 682 328 L.,V

144 360 201 403 &75
229 342 386 422 Moreiezeiaroe'r
362 362 426 391 ‘aaran
437 343 523 401 τῶνζώ1
510 350 682 415 artanapaaoqr·

142 407 229 458 ςότατον
245 408 346 468 inermen
362 404 480 469 ἄνθρωπος)
505 402 589 455 barb
579 420 627 454 eraut
639 422 681 454 atae·

140 488 269 532 νεςγοτκτον.

324 550 341 611 p,
370 552 438 612 'nnn

139 633 159 674 Si
172 632 259 687 religioni
273 634 345 675 cuidam
361 635 434 675 deditae
444 635 521 675 suerunt
532 641 611 689 gentes,
633 647 679 685 qaae

80 708 125 736 vera
135 694 175 737 Dei
183 696 292 750 cognitione
300 698 330 736 vel
340 704 444 745 carnerunt,
460 699 491 736 rel
499 711 539 737 eam
550 698 680 744 obscurarunt,

80 759 121 799 Dei
131 762 175 799 loco
186 760 225 798 aliis
235 760 292 798 rebus
302 761 411 813 singularem
421 759 545 800 exhibuerunt
554 764 631 808 cultum,
646 773 681 799 rn-

80 822 105 861 de
114 829 154 862 erra
164 822 189 862 est
197 818 320 870 idololatria,
335 824 387 863 cuius
396 822 446 863 varia
455 822 531 863 suerunt
540 831 559 864 et
571 822 630 863 adhuc
638 824 681 862 sunt

80 897 157 937 genera.
189 884 340 938 Antiquissimum
348 884 464 926 idololatriae
478 898 537 939 genus
549 885 629 938 polrtunr
641 890 681 924 erat

79 946 100 985 in
110 947 153 986 solis
162 954 248 997 tanquam
257 947 337 999 supremi
347 948 386 987 Dei
396 947 528 996 veneratione,
544 961 591 998 qnae
599 955 638 986 erat
648 959 681 986 re-

80 1017 142 1048 ternm
151 1009 246 1049 Persarum
252 1010 325 1062 religio.
357 1009 431 1048 Deinde
438 1016 509 1061 praeter
519 1012 577 1049 solem
586 1009 642 1048 etiam
651 1022 680 1047 rc-

80 1070 186 1120 liqnaeoeli
195 1070 284 1121 astrapen
294 1070 336 1108 Diis
346 1071 387 1109 sunt
396 1070 467 1115 habita,
479 1070 499 1107 id
509 1071 559 1120 quorl
566 1084 577 1109 a
584 1071 681 1109 veteribus

80 1131 145 1183 Syriae
153 1138 172 1170 et
182 1130 293 1171 Plroeniciae
303 1131 377 1183 populis
389 1128 459 1170 facium
472 1130 518 1177 else,
536 1129 613 1171 testatur
624 1130 681 1170 histo-

79 1193 114 1235 ria.
147 1192 241 1232 Camillis
251 1192 312 1245 postea
322 1193 345 1231 ab
355 1191 395 1231 aliis
404 1190 499 1234 coniunsli
511 1193 587 1232 fuerunt
595 1191 681 1232 homines

81 1255 107 1294 ob
117 1267 183 1306 magna
194 1255 259 1294 merita
268 1255 309 1307 post
318 1262 399 1294 mortem
414 1254 512 1294 coelitibus
525 1254 625 1306 arlscripti,
641 1254 681 1305 qni-

80 1317 117 1357 bnr
130 1317 193 1356 multis
204 1316 224 1355 in
236 1317 282 1355 loeis
295 1319 362 1370 templa
375 1324 394 1369 et
409 1316 499 1370 imagines
513 1316 681 1365 consecrabantnr3

80 1379 175 1418 eiusmodi
184 1379 296 1431 religionem
309 1379 404 1419 veteribus
414 1374 489 1418 Graecis
504 1385 522 1417 et
536 1378 628 1419 Romanis
641 1376 681 1431 pla·

79 1440 147 1487 ruisse,
160 1453 217 1479 nemo
226 1442 305 1492 ignorat.
335 1440 402 1492 Adlrnc
409 1440 484 1492 longius
494 1442 553 1480 asana
562 1440 633 1480 ratione
643 1442 680 1479 Ae·

79 1501 188 1553 gyptiorum
198 1508 283 1540 velerum
292 1501 426 1554 posterioribus
441 1501 558 1557 temporibus
571 1498 644 1541 recellit
652 1515 681 1540 re·

79 1562 145 1617 ligio,
153 1575 188 1611 qna
197 1563 309 1602 animalibus
315 1570 333 1602 et
342 1563 426 1604 oleribus
435 1562 546 1613 quibusdam
555 1563 680 1616 praestabatur

81 1627 142 1664 cultus
154 1624 190 1665 soli
202 1624 247 1664 Deo
257 1624 336 1665 debitus.
367 1627 492 1677 Agnouerunt
507 1632 569 1664 tamen
581 1617 680 1677 pleraeque

79 1694 145 1739 gentes
154 1686 271 1726 idololatriae
280 1686 383 1736 studiosae,
404 1686 453 1726 inter
465 1684 537 1726 multos
549 1687 615 1733 Deos,
633 1698 680 1737 quos

81 1747 193 1794 adorabant,
210 1761 268 1788 vnum
277 1749 357 1799 aliquem
371 1748 406 1787 esse
418 1750 538 1800 supremum,
557 1747 633 1797 reliquis
644 1747 680 1787 im·

81 1817 178 1862 perantem
187 1809 246 1859 iisque
258 1818 345 1860 tanquam
356 1810 471 1849 adiutoribns
480 1809 499 1848 in
512 1810 576 1848 mundi
588 1808 681 1861 guberna·

81 1871 133 1911 tione
141 1878 232 1911 arentem.
262 1873 374 1928 Quanquam
385 1871 451 1923 opinio
460 1871 483 1909 de
495 1871 569 1911 dnobus
578 1870 681 1924 principib,

80 1932 118 1971 fine
126 1934 149 1972 de
158 1934 204 1973 Deo
213 1932 266 1973 bono
277 1941 296 1973 et
305 1936 367 1978 malo,
384 1946 439 1983 quarn
449 1932 556 1972 Manichaei
565 1931 628 1986 postea
641 1940 682 1972 tue·

81 1993 161 2041 bantur,
188 1995 226 2034 iam
243 1995 379 2046 antiquioribus
392 1994 509 2048 temporibus
520 1993 575 2034 etiam
588 1996 681 2044 quosdam

81 2055 147 2095 habuit
155 2058 247 2102 fautores.
281 2055 412 2112 Geratilifinns
424 2058 460 2098 siue
473 2053 630 2113 Pelytlzefinus,
650 2057 682 2108 qni

83 2117 130 2156 olim
138 2119 174 2157 late
182 2116 202 2157 'se
212 2121 335 2167 extendebat,
351 2120 407 2160 hodie
417 2132 490 2170 quoque
503 2119 551 2158 inter
564 2119 624 2159 varias
638 2132 682 2169 qaa-

82 2186 126 2218 tuor
140 2179 191 2219 orbis
203 2186 294 2223 terraram
307 2182 388 2237 partium
401 2190 466 2236 gentes
478 2182 549 2222 multos
565 2180 622 2222 habet
638 2180 682 2221 asse·

82 2239 167 2284 statores.

652 2320 684 2361 De
